2430 4028
404 268 514 320 nronn
531 267 691 337 ungule.
709 268 786 319 4-8.
1046 267 1088 335 35

106 463 290 528 exercitum
313 460 541 547 proficiscitur.
570 461 619 526 Eo
644 482 718 525 cum
741 461 900 538 venisset,
925 483 980 543 aa,
1004 482 1111 545 quaes

105 567 179 632 lore
204 567 391 652 suspicatus
421 574 508 649 erat,
537 565 627 630 facta
654 567 826 650 cognovit:
861 565 979 629 missas
1002 565 1111 650 lega-s

106 671 215 736 tiones
245 670 286 734 ab
317 668 480 734 nonnullis
509 669 697 734 civitatibus
727 669 771 733 ad
794 667 978 734 Germanos
1008 670 1089 732 invi·

107 783 262 859 totosque
286 796 353 856 eos,
376 775 422 837 uti
451 774 494 837 ab
519 772 631 837 Rheno
656 773 880 852 discederent,
905 773 1088 858 omniaque,

106 900 195 964 quae
218 877 452 963 postulassent,
477 877 519 942 ab
544 899 578 942 se
601 878 671 942 fore
694 885 822 962 parata.
852 876 927 957 Qua
951 898 1009 961 spe
1033 876 1111 940 adr

107 981 199 1046 ducti
228 981 386 1046 Germani
415 979 512 1044 latius
542 979 751 1064 vagabantur
779 989 812 1044 et
840 981 873 1042 in
895 979 978 1044 fines
1001 978 1088 1043 Ebu-

105 1109 223 1152 ronum
241 1094 273 1149 et
285 1083 542 1164 Condrusorum,
557 1087 611 1170 qui
629 1093 704 1148 sunt
712 1084 930 1148 Treverorum
943 1082 1088 1159 clientes,

106 1197 336 1275 pervenerant.
360 1187 567 1272 Principibus
584 1187 715 1254 Galliae
731 1189 879 1252 evocatis
891 1184 1016 1251 Caesar
1038 1208 1111 1268 oa,5

106 1317 192 1381 quae
216 1302 432 1378 cognoverat,
461 1292 700 1357 dissimulanda
725 1292 786 1357 sibi
810 1293 1012 1357 existimavit
1036 1312 1086 1354 eo-

104 1419 243 1483 rumque
267 1396 385 1461 animis
401 1395 573 1478 permulsis
598 1405 629 1460 et
653 1395 854 1459 confirmatis
878 1395 1089 1479 equitatuque

105 1504 269 1586 imperato
293 1498 415 1564 bellum
439 1521 512 1563 cum
534 1497 707 1562 Germanis
731 1521 843 1583 gerere
866 1498 1044 1563 constituit.

194 1603 222 1666 7.
247 1605 293 1668 Re
315 1604 528 1668 frumentaria
554 1624 689 1686 compar
706 1611 745 1666 ‚ta
774 1600 1004 1686 equitibusque
1033 1600 1087 1664 de-

106 1708 204 1773 lectis
227 1709 344 1772 iter'in
367 1728 407 1770 ea
430 1705 505 1771 loca
527 1706 636 1770 facere
660 1707 786 1790 coepit,
810 1704 927 1790 quibus
950 1705 983 1767 in
1007 1703 1088 1768 locis

106 1833 182 1877 esse
207 1810 391 1877 Germanos
414 1809 580 1874 audiebat.
617 1809 646 1872 A
669 1809 787 1892 quibus
811 1830 885 1872 cum
909 1828 1110 1892 paucoruma

107 1916 235 1980 dierum
258 1916 319 1978 iter
342 1912 484 1995 abesset,
508 1911 608 1997 legati
631 1911 674 1976 ab
697 1914 737 1975 iis
761 1919 930 1992 venerunt,
950 1934 1087 1997 quorum

104 2017 190 2083 hacc
222 2017 283 2081 fuit
306 2017 427 2081 oratio:
459 2015 643 2080 Germanos
675 2038 780 2100 neque
809 2016 935 2100 priores
965 2013 1110 2099 populos

106 2124 257 2186 Romano
292 2120 413 2185 bellum
445 2120 565 2185 inferre
596 2141 701 2203 neque
732 2128 841 2182 tamen
869 2140 1037 2200 recusare,
1061 2118 1088 2181 si

105 2225 330 2306 lacessantur,
363 2226 439 2308 quin
470 2225 568 2288 armis
592 2222 809 2305 contendant,
840 2222 929 2307 quod
953 2221 1089 2286 Germa·

104 2351 223 2393 norum
252 2327 455 2393 consuetudo
487 2325 592 2415 [hacc]
626 2328 667 2390 sit
697 2348 717 2389 a
746 2324 924 2390 maioribus
955 2324 1087 2406 tradita,
1171 2365 1174 2370 -

105 2433 302 2518 quicumque
326 2429 447 2494 bellum
478 2431 629 2505 inferant,
660 2431 813 2493 resistere
842 2450 946 2513 neque
977 2427 1089 2512 depre-

104 2539 187 2600 cari.
226 2533 318 2599 Haec
346 2543 457 2598 tamen
488 2533 611 2598 dicere:
648 2533 777 2596 venisse
799 2533 933 2608 invitos,
966 2534 1109 2597 eiectosr

105 2640 223 2720 d0m03
253 2639 280 2703 si
314 2661 407 2703 suam
436 2640 575 2722 gratiam
607 2639 747 2702 Romani
775 2636 891 2718 velint,
926 2657 1024 2720 posse
1048 2636 1087 2699 iis

103 2741 203 2807 utiles
231 2763 304 2806 esse
333 2743 473 2824 amicos,
507 2741 560 2805 vel
584 2740 645 2805 sibi
670 2763 769 2824 agros
798 2739 1000 2820 attribuant,
1034 2737 1087 2801 vel

104 2847 275 2932 patiantur
298 2866 355 2910 eos
378 2853 504 2927 tenere,
536 2866 617 2929 quos
642 2845 740 2908 armis
764 2843 986 2929 possederint:
1016 2863 1109 2906 asses

103 2950 179 3015 unis
193 2947 312 3014 Suebis
335 2949 526 3021 concedere,
544 2947 662 3034 quibus
678 2970 718 3012 ne
743 2947 786 3012 dii
803 2947 934 3033 quidem
957 2948 1086 3011 immor-

103 3052 188 3118 tales
212 3073 308 3137 pares
332 3073 405 3116 esso
428 3054 573 3137 possint3
596 3050 756 3137 reliquum
780 3051 911 3136 quidem
934 3049 1086 3114 interris

103 3178 177 3221 esse
201 3156 373 3236 neminem,
397 3177 493 3241 quem
515 3177 583 3219 non
606 3176 760 3238 superare
783 3153 920 3238 possint.

191 3257 223 3322 8.
245 3257 298 3323 Ad
315 3258 406 3340 haec,
430 3280 514 3343 quae
535 3259 641 3322 visum
665 3267 724 3340 est,
750 3255 876 3321 Caesar
898 3256 1085 3342 respondit3

104 3361 163 3428 scd
186 3363 295 3427 exitus
319 3360 380 3425 fuit
409 3363 582 3427 orationis:
614 3361 675 3425 sibi
700 3360 822 3425 nullam
846 3382 921 3425 cum
943 3362 983 3423 iis
1006 3362 1086 3423 ami·
1179 3366 1193 3383 “

103 3467 216 3531 citiam
240 3487 313 3530 esse
337 3487 450 3550 posse,
482 3467 508 3529 si
537 3467 570 3530 in
595 3463 705 3530 Gallia
729 3474 951 3545 remanerent,
980 3485 1107 3548 nequer

101 3590 217 3632 verum
251 3590 341 3652 esse,
377 3571 432 3654 qui
467 3590 544 3632 suos
581 3569 662 3632 fines
697 3568 779 3632 tueri
813 3589 879 3632 non
910 3567 1083 3652 potuerint,
