2416 4028
382 254 492 304 LIBER
511 255 572 320 vn,
592 254 667 308 UA-P.
686 255 796 308 85-88.
1019 255 1081 324 227

185 446 238 510 88.
261 446 342 512 Eius
377 446 522 512 adventu
555 470 598 513 ex
630 446 743 514 colore
770 449 907 515 vestitus
934 450 1080 534 cognito,

98 572 164 636 quo
199 551 319 637 insigni
352 553 387 616 in
420 551 554 637 proeliis
589 552 637 617 uti
671 560 867 636 consuerat,
901 556 1082 640 turmisque
1116 583 1120 593 ¹

97 656 245 739 equitum
268 665 300 720 et
323 655 513 721 cohortibus
535 656 627 738 visis,
651 678 734 742 quas
758 678 793 720 se
817 658 908 742 sequi
930 658 1081 742 iusserat,

97 769 134 824 ut
158 759 200 824 de
232 758 314 824 locis
350 759 573 844 superioribus
607 757 689 823 haec
719 746 860 824 declivia
890 768 922 825 et
953 761 1082 826 devexa

98 861 328 946 cernebantur,
352 862 463 928 hostes
486 862 647 948 proelium
670 864 887 930 committunt.
912 865 1105 951 Utrimquea

98 966 245 1031 clamore
268 964 397 1031 sublato
422 968 544 1053 excipit
566 989 677 1032 rursus
708 990 751 1032 ex
772 966 860 1033 vallo
893 977 992 1054 atque
1016 992 1083 1034 om-

98 1069 197 1135 nibus
234 1067 470 1134 munitionibus
504 1069 639 1135 clamor.
695 1070 808 1135 Nostri
843 1072 972 1137 omissis
1005 1071 1113 1157 pilisa·

99 1174 222 1260 gladiis
245 1195 313 1238 rem
337 1183 462 1259 gerunt.
500 1174 648 1259 Repente
671 1183 746 1258 post
769 1182 897 1258 tergum
919 1176 1083 1261 equitatus

99 1280 260 1360 cernitur;
279 1277 430 1342 cohortes
447 1275 531 1342 aliae
548 1280 826 1363 appropinquant.
851 1279 976 1344 Hostes
990 1287 1084 1362 terga

99 1390 248 1464 vertunt;
277 1380 476 1463 fugientibus
506 1382 632 1467 equites
657 1391 841 1446 occurrunt.
880 1382 935 1446 Fit
962 1404 1084 1467 magna

99 1486 230 1551 caedes.
254 1482 417 1563 Sedulius‚
442 1484 510 1548 dux
533 1492 565 1548 et
587 1485 743 1569 princeps
767 1484 998 1566 Lemovicum,
1030 1508 1107 1550 oc·e

99 1589 237 1671 ciditur3
259 1587 591 1653 Vercassivellaunus
619 1587 788 1653 Arvernus
816 1590 912 1656 vivus
941 1590 975 1655 in
1004 1590 1083 1674 fuga

99 1692 404 1778 comprehenditur;
422 1695 515 1778 signa
531 1691 687 1758 militaria
703 1696 914 1779 septuaginta
931 1702 1084 1778 quattuor

103 1797 148 1863 ad
164 1797 343 1863 Caesarem
365 1796 566 1879 referuntur3
589 1798 687 1880 pauci
711 1805 867 1863 extento
891 1819 1025 1863 numero
1050 1820 1085 1862 se
1156 1832 1158 1841 ,

103 1899 288 1967 incolumes
311 1900 344 1963 in
361 1908 472 1964 castra
490 1901 662 1984 recipiunt.
685 1897 877 1986 Conspicati
901 1923 944 1966 ex
963 1901 1108 1987 oppidos

103 2004 241 2070 caedem
265 2013 297 2068 et
319 2006 431 2089 fugam
455 2025 588 2068 suorum
605 2003 780 2090 desperata
802 2006 908 2071 salute
925 2007 1043 2090 copias
1065 2029 1085 2070 a

104 2107 345 2173 munitionibus
368 2107 537 2173 reducunt.
582 2108 638 2172 Fit
660 2111 808 2192 protinus
832 2109 893 2174 hac
917 2133 951 2174 re
974 2110 1087 2176 audita

101 2212 286 2276 excestria
311 2209 593 2294 Gallorumfuga.
640 2210 739 2291 Quod
767 2213 830 2278 nisi
860 2213 981 2279 crebris
1012 2213 1108 2278 sub-e

102 2314 195 2380 sidiis
225 2335 265 2378 ac
296 2316 397 2379 totius
427 2313 491 2379 diei
519 2313 633 2380 labore
661 2314 781 2381 milites
811 2326 921 2382 essent
954 2315 1086 2399 defessi,

101 2439 217 2483 omnes
239 2418 382 2483 hostium
405 2420 521 2503 copiae
545 2417 646 2484 deleri
669 2422 864 2504 potuissent.
902 2420 954 2485 De
977 2411 1115 2486 mediat

102 2531 202 2589 nocte
230 2523 350 2588 missus
379 2524 544 2608 equitatus
573 2524 789 2589 novissimum
823 2546 940 2609 agmen
975 2545 1087 2590 conse·

101 2627 229 2712 quitur:
262 2648 401 2710 magnus
424 2648 578 2692 numerus
601 2629 731 2713 capitur
753 2637 852 2714 atque
877 2627 1085 2712 interficitur3

101 2729 222 2816 reliqui
245 2752 288 2794 ex
310 2730 391 2813 fuga
414 2731 447 2795 in
471 2731 623 2796 civitates
646 2729 831 2795 discedunt.

188 2832 240 2896 89.
264 2833 400 2897 Postero
430 2832 485 2898 die
507 2833 761 2916 Vercingetorix
791 2834 930 2900 concilio
967 2858 1086 2901 convo·

102 2946 180 3002 cato
205 2937 240 3002 id
262 2936 384 3002 bellum
413 2960 448 3002 se
471 2939 656 3021 suscepisse
686 2959 754 3002 non
784 2960 917 3004 suarum
944 2942 1086 3006 necessi-

101 3051 224 3123 tatum,
253 3039 311 3106 sed
340 3041 523 3106 communis
551 3039 715 3106 libertatis
745 3063 849 3108 causa
872 3042 1083 3128 demonstrat,

102 3154 135 3210 et
160 3146 316 3231 quoniam
339 3145 382 3208 sit
414 3143 566 3211 fortunae
599 3143 803 3229 cedendum,
838 3145 881 3210 ad
914 3155 1107 3234 utramquoa

101 3269 172 3312 rem
195 3269 231 3312 se
261 3246 325 3311 illis
350 3247 481 3329 offerre,
511 3270 569 3312 seu
590 3255 695 3314 morte
725 3271 784 3313 sua
806 3249 963 3316 Romanis
992 3252 1086 3316 satis-

102 3353 213 3417 facere
242 3373 300 3418 seu
322 3351 435 3416 vivum
463 3351 594 3418 tradere
617 3352 728 3417 velint.
773 3353 945 3420 Mittuntur
972 3354 1012 3420 de
1034 3356 1107 3422 hias

103 3453 204 3520 rebus
227 3454 271 3519 ad
295 3453 472 3520 Caesarem
494 3454 605 3540 legati.
643 3456 740 3522 Iubet
763 3480 856 3522 arma
878 3458 974 3542 tradi,
998 3460 1086 3544 prin·

102 3559 193 3642 cipes
216 3556 364 3641 produci.
408 3559 484 3645 Ipse
513 3559 547 3626 in
568 3560 749 3625 munitione
778 3582 837 3645 pro
861 3564 977 3627 castris
1008 3583 1107 3628 con-a

878 3681 931 3736 iot
