2430 4028
179 249 242 314 124
483 250 533 298 nn
551 249 673 299 annno
693 246 852 298 esnnrco

156 462 246 508 erem
268 441 301 503 in
326 460 487 504 summum
509 438 689 525 periculum
719 439 900 505 deducant:
932 439 1071 508 facilem
1092 465 1162 510 esse

177 565 256 627 rem,
271 564 329 608 seu
351 552 517 620 maneant,
542 565 600 607 seu
615 542 877 628 proficiscantur,
894 544 1040 611 simodo
1063 567 1164 611 unum

179 670 291 713 omnes
321 649 465 711 sentiant
493 668 533 711 ac
561 645 718 731 probent3
748 655 867 711 contra
894 649 929 711 in
956 647 1165 714 dissensione

156 751 301 820 snullam
324 772 359 814 se
382 749 523 814 salutem
545 753 743 836 perspicere.
782 750 846 815 Res
870 750 1100 836 disputatione
1122 752 1166 817 ad

38 914 44 939 1
155 857 321 923 rmediam
350 865 480 919 noctem
510 854 708 937 perducitur.
761 851 882 918 Omnia
919 858 1167 941 excogitentur,

178 981 279 1044 quare
300 979 362 1022 nec
387 959 456 1022 sine
479 955 624 1041 periculo
648 966 839 1030 maneatur,
868 966 902 1022 et
923 956 1087 1042 languore
1110 963 1168 1025 mi·

88 1102 93 1109 ·
177 1061 271 1127 litum
294 1084 336 1126 cx
359 1060 480 1146 vigiliis
512 1060 694 1147 periculum
717 1070 886 1144 augeatur.
930 1061 1085 1128 Tandem
1108 1064 1167 1129 dat

179 1164 278 1231 Cotta
310 1174 478 1250 permotus
512 1187 646 1230 manus:
681 1174 816 1249 superat
844 1168 1008 1231 sententia
1039 1166 1166 1233 Sabini

156 1270 413 1339 sPronuntiatur
434 1272 540 1354 prima
564 1268 636 1332 luce
658 1271 771 1333 ituros.
807 1267 1021 1335 Consumitur
1041 1271 1167 1358 vigiliis

178 1375 305 1462 reliqua
328 1396 406 1460 pars
429 1375 546 1454 noctis,
570 1395 645 1437 cum
668 1395 730 1437 sua
744 1375 884 1459 quisque
905 1374 1002 1440 miles
1025 1377 1165 1440 circum·

179 1480 329 1564 spiceret,
346 1478 426 1563 quid
449 1500 560 1542 secum
583 1487 716 1563 portare
732 1488 853 1563 posset,
877 1478 957 1564 quid
979 1484 1029 1544 ex'
1047 1481 1166 1544 instru-

157 1591 287 1650 emento
311 1579 521 1646 hibernorum
543 1580 727 1666 relinquere
749 1591 932 1666 cogeretur.
956 1583 1070 1647 Prima
1092 1582 1165 1648 luce

179 1688 227 1750 sic
257 1707 300 1749 ex
327 1687 446 1750 castris
476 1683 746 1768 proficiscuntur,
781 1695 817 1749 ut
840 1685 960 1771 quibus
983 1695 1075 1752 esset
1095 1708 1166 1773 pcr-

179 1810 313 1853 suasum
342 1810 408 1852 non
437 1787 479 1851 ab
509 1787 620 1866 hoste,
652 1787 710 1854 sed
742 1786 785 1852 ab
808 1787 941 1853 homine
962 1791 1165 1855 amicissimo

69 1916 73 1921 ’
183 1889 398 1977 [Ambiorige]
436 1890 610 1956 consilium
645 1891 773 1969 datum,
807 1891 1000 1976 longissimo
1036 1895 1167 1978 agmine

179 1997 398 2080 maximisque
421 1994 674 2079 impedimentis.

265 2097 317 2160 32.
342 2099 387 2162 At
410 2099 531 2179 hostes,
550 2108 766 2183 posteaquam
789 2120 830 2162 ex
846 2107 1009 2163 nocturno
1031 2099 1167 2166 fremitu

180 2202 366 2287 vigiliisque
396 2201 435 2265 de
466 2202 670 2287 profectione
699 2224 812 2266 eorum
846 2210 1035 2284 senserunt,
1069 2202 1167 2268 collo·

180 2308 263 2370 catis
297 2304 422 2368 insidiis
445 2304 611 2389 'bipertito
646 2308 679 2370 in
717 2304 808 2370 silvis
844 2315 1031 2391 opportuno
1069 2318 1167 2393 atque

182 2408 312 2473 occulto
348 2408 422 2472 loco
459 2431 479 2472 a
513 2408 643 2474 milibus
678 2431 836 2495 passuum
870 2411 1006 2475 circiter
1037 2409 1168 2476 duobus

160 2512 403 2576 rRomanorum
440 2511 619 2577 adveutum
653 2511 915 2597 exspectabant,
954 2521 987 2578 et
1020 2534 1100 2580 cum
1134 2536 1167 2581 sc

181 2617 287 2679 maior
314 2636 392 2698 pars
422 2617 561 2698 agminis
590 2618 623 2679 in
657 2636 814 2698 maguam
846 2615 1036 2682 convallem
1067 2618 1167 2684 demi·

182 2721 287 2795 sisset,
311 2740 353 2782 ex
376 2728 515 2803 utraque
536 2729 629 2805 parte
652 2721 721 2783 cius
744 2717 840 2782 vallis
864 2719 974 2785 subito
998 2742 1035 2785 se
1059 2732 1166 2788 osten·

181 2821 299 2885 derunt
320 2823 584 2907 novissimosque
614 2845 761 2907 premere
785 2832 818 2886 et
844 2825 968 2906 primos
990 2823 1167 2909 prohibere

183 2946 322 2989 ascensu
358 2934 457 3009 atque
497 2926 701 3009 iniquissimo
735 2927 858 2991 nostris
895 2926 969 2991 loco
1004 2928 1167 3012 proelium

182 3029 385 3092 committere
407 3038 596 3112 coeperunt.

268 3129 320 3195 33.
343 3133 428 3196 Tum
451 3131 580 3196 demum
604 3133 766 3213 Titurius,
799 3136 854 3219 qui
883 3132 961 3198 nihil
993 3144 1074 3199 ante
1096 3158 1168 3222 prc-

183 3235 327 3316 vidisset,
351 3235 514 3320 trepidare
538 3245 571 3300 et
593 3258 790 3302 concursare
813 3236 1032 3323 cohortesque
1056 3238 1165 3325 diapo-

181 3361 269 3420 nere,
293 3337 375 3403 haec
399 3349 509 3403 tamen
532 3341 604 3424 ipsa
628 3339 740 3404 timide
764 3349 862 3426 atquc
891 3350 928 3405 ut
957 3363 1032 3406 cum
1055 3344 1165 3409 omnia

183 3441 322 3507 deficere
352 3441 558 3523 viderentur3
592 3443 679 3527 quod
713 3443 904 3529 plerumque
937 3446 977 3509 iis
1012 3445 1165 3512 accidere

182 3548 371 3627 consuevit,
406 3532 542 3744 q?
561 3548 633 3631 ipso
667 3547 798 3629 negotio
836 3546 1011 3614 consilium
1043 3570 1164 3636 capere
