2430 4028
282 258 284 262 ·
360 254 470 304 niusa
488 254 548 317 vu,
569 252 645 302 cup.
664 252 774 302 33-au
992 251 1053 314 193

66 450 134 512 iam
159 469 203 511 cx
226 446 292 511 diei
314 453 460 531 tempore
483 445 707 509 coniecturam
730 451 862 528 ceperat
884 445 916 507 in
942 453 1052 508 castra

67 559 273 636 perventum,
293 548 411 614 iisdem
434 547 578 629 sublicis,
597 571 734 633 quarum
751 570 827 631 pars
851 547 985 611 inferior
1007 550 1054 611 in·

67 665 163 736 tegra
186 652 393 732 remanebat,
422 661 553 736 pontem
581 651 713 716 reficere
740 651 858 736 coepit.
898 648 1074 720 Celeriters

67 760 186 823 effecto
210 779 306 843 opere
330 756 576 842 legionibusque
601 757 761 821 traductis
784 764 816 818 et
837 753 910 819 loeo
936 757 1051 820 eastris

67 863 190 927 idoneo
220 860 346 926 delecto
370 858 514 944 reliquas
539 862 651 945 copias
671 860 848 923 revocavit.
873 859 1073 943 Vercinges

68 965 157 1028 torix
181 987 215 1029 re
239 965 382 1048 cognita,
412 985 452 1028 ne
483 973 598 1028 contra
621 985 712 1029 suam
735 961 938 1026 voluntatem
963 963 1053 1027 dimi-

66 1090 145 1131 care
170 1077 350 1150 cogeretur,
376 1069 503 1150 magnis
532 1065 701 1129 itineribus
724 1067 910 1130 antecessit.

156 1170 208 1234 36.
233 1169 358 1236 Caesar
373 1194 414 1235 ex
431 1194 469 1236 eo
488 1171 561 1234 loeo
579 1172 700 1257 quintis
717 1172 835 1234 castris
849 1168 1050 1254 Gergoviam

65 1277 217 1363 pervenit
247 1277 453 1361 equestrique
477 1297 515 1338 eo
547 1273 599 1337 die
622 1273 747 1359 proelio
779 1273 843 1338 levi
865 1274 954 1339 facto
979 1298 1050 1359 per-

64 1387 182 1465 specto
207 1376 297 1442 urbis
327 1381 406 1454 situ,
436 1400 519 1462 quae
547 1379 657 1463 posita
686 1379 717 1440 in
748 1378 908 1442 altissimo
938 1388 1048 1442 monte

65 1504 180 1547 omnes
211 1479 319 1546 aditus
349 1479 497 1544 difficiles
534 1479 693 1560 habebat,
729 1480 769 1544 de
805 1483 1049 1565 expugnatione

64 1586 263 1671 desperavit,
289 1585 328 1648 de
349 1581 539 1650 obsessione
556 1607 621 1648 non
644 1587 734 1670 prius
751 1585 914 1668 agendum
930 1587 1048 1651 consti·

43 1693 142 1772 ruit,
173 1711 272 1775 quam
294 1711 363 1753 rem
385 1690 628 1753 frumentariam
658 1689 855 1775 expedisset.
900 1688 946 1753 At
968 1689 1071 1758 Ver-¹

65 1793 252 1878 cingetorix
269 1795 386 1858 castris
409 1815 511 1878 prope
531 1794 688 1879 oppidum
720 1794 765 1876 [in
787 1792 909 1878 monte]
933 1794 1048 1877 positis

64 1895 287 1963 mediocribus
311 1899 432 1962 circum
458 1920 492 1961 se
508 1897 689 1962 intervallis
714 1899 891 1983 separatim
908 1897 1049 1981 singula·

64 2023 137 2064 rum
168 2001 351 2064 civitatium
381 2002 496 2084 copias
521 1999 742 2064 collocaverat
771 2010 869 2086 atque
897 2001 1048 2065 omnibus

64 2109 133 2170 eius
164 2105 235 2188 iugi
264 2101 403 2168 collibus
434 2106 619 2189 occupatis,
657 2126 720 2189 qua
751 2103 873 2191 despici
904 2114 1046 2188 poterat,

64 2206 253 2274 horribilem
288 2209 430 2292 speciem
463 2206 645 2292 praebebat
675 2210 904 2293 principesque
935 2231 1069 2273 earume

63 2312 265 2389 civitatium,
291 2332 373 2395 quos
398 2309 459 2376 sibi
483 2311 526 2375 ad
550 2310 722 2375 consilium
746 2312 942 2397 capiendum
966 2312 1048 2376 dele·

63 2423 173 2499 gerat,
208 2415 314 2498 prima
335 2412 407 2477 luce
431 2414 550 2478 cotidie
574 2414 616 2476 ad
642 2437 675 2478 se
699 2417 872 2478 convenire
902 2414 1047 2497 iubebat,

62 2542 119 2584 seu
136 2517 218 2604 quid
233 2516 551 2598 communicandum,
577 2540 633 2581 seu
657 2517 732 2603 quid
751 2517 1046 2583 administrandum

62 2623 240 2700 videretur,
266 2642 370 2706 neque
387 2621 486 2684 ullum
511 2622 578 2686 fere
596 2621 681 2686 diem
698 2621 944 2701 intermittebat,
969 2623 1069 2708 quine

62 2723 209 2811 equestri
225 2722 360 2807 proelio,
372 2725 551 2789 interiectis
568 2726 758 2808 sagittariis,
774 2724 850 2809 quid
868 2727 900 2788 iu
917 2747 1046 2811 quoque

63 2839 150 2896 esset
174 2827 276 2891 animi
304 2848 344 2890 ao
367 2827 496 2892 virtutis
522 2849 655 2891 suorum
684 2829 933 2913 periclitaretur.
962 2830 1068 2895 Erats

62 2957 79 2996 e
101 2933 238 3016 regione
263 2932 375 3018 oppidi
405 2933 498 2998 collis
529 2932 588 2998 sub
612 2935 692 3019 ipsis
721 2933 886 2998 radicibus
913 2938 1044 3010 montis,

61 3035 193 3120 egregie
222 3038 366 3100 munitus
390 3046 488 3121 atque
513 3061 553 3102 ex
579 3040 665 3101 omni
694 3048 787 3123 parte
816 3040 1045 3122 circumcisus3

63 3161 160 3227 quem
183 3140 212 3203 si
240 3147 390 3204 tenerent
412 3143 532 3222 nostri,
564 3151 596 3207 et
615 3164 729 3228 aquae
752 3163 874 3226 magna
897 3153 990 3227 parte
1014 3153 1046 3207 et

62 3244 278 3330 pabulatione
294 3241 398 3308 libera
413 3243 607 3327 prohibituri
622 3245 733 3309 hostes
746 3243 952 3309 videbantur.
980 3246 1068 3312 Sede

62 3351 88 3413 is
104 3350 200 3413 locus
216 3347 382 3432 praesidio
402 3347 444 3411 ab
462 3348 511 3412 his
528 3372 593 3412 non
614 3351 721 3413 minus
745 3348 838 3412 firmo
862 3349 1045 3413 tenebatur.

61 3453 187 3519 Tamen
219 3453 347 3517 silentio
376 3455 482 3517 noctis
512 3451 635 3517 Caesar
663 3475 705 3516 ex
735 3453 853 3516 castris
883 3475 1067 3537 egressus‚r

62 3557 256 3641 priusquam
279 3555 423 3621 subsidio
442 3579 483 3620 ex
500 3555 620 3641 oppido
646 3557 746 3621 veniri
765 3567 887 3640 posset,
917 3555 1044 3621 deiecto

111 3674 198 3717 emar.
214 3673 232 3714 1.
258 3673 277 3714 u.
295 3673 323 3717 o.
858 3678 888 3725 13
