2430 4028
356 245 467 294 LIBER
485 245 530 306 VI,
551 244 627 294 CAP.
647 246 757 296 29-32.
986 246 1043 310 161

153 435 204 500 31.
235 434 410 501 Ambiorix
438 437 553 521 eopias
583 459 659 500 suas
689 436 853 500 iudicione
881 458 947 501 non
970 459 1045 502 con·

64 540 214 620 duxerit,
239 539 326 624 quod
349 538 474 624 proelio
499 538 720 604 dimicandum
750 562 816 604 non
840 541 1045 616 existimarit,

63 665 107 706 an
133 651 279 726 tempore
303 641 457 707 exclusus
480 652 512 706 et
535 643 704 728 repentino
734 646 877 728 equitum
902 643 1046 709 adventu

63 744 267 830 prohibitus,
296 768 370 809 cum
399 744 559 830 reliquum
588 747 769 810 exercitum
799 744 953 832 subsequi
978 769 1045 812 ere·

63 849 173 932 deret,
198 847 332 915 dubium
367 857 425 912 est.
472 846 537 912 Sed
567 858 654 912 certe
689 847 830 913 dimissis
862 871 920 933 per
948 873 1067 934 agrosa

62 953 188 1018 nuntiis
213 952 274 1016 sibi
299 973 458 1036 quemque
475 952 647 1016 consulere
671 954 773 1017 iussit.
798 952 944 1032 Quorum
969 977 1045 1038 pars

60 1059 95 1120 in
120 1056 332 1120 Arduennam
358 1055 489 1137 silvam,
522 1077 598 1141 pars
622 1056 655 1119 in
679 1059 883 1122 continentes
908 1058 1044 1142 paludes

62 1161 226 1244 profugit,
262 1163 316 1246 qui
352 1162 493 1244 proximi
524 1158 658 1224 Oceano
690 1162 834 1233 fuerunt,
866 1160 899 1224 hi
928 1162 1066 1226 insulise

63 1286 136 1329 sese
160 1264 417 1346 occultaverunt,
442 1286 524 1349 quas
540 1272 650 1328 aestus
675 1264 806 1328 efficere
829 1275 1043 1346 consuerunt3

61 1366 157 1431 multi
183 1390 225 1430 ex
249 1369 315 1431 suis
339 1366 458 1431 finibus
483 1368 606 1449 egressi
630 1390 664 1431 se
688 1389 810 1452 suaque
835 1370 944 1431 omnia
968 1369 1067 1433 alie-r

61 1470 206 1536 nissimis
224 1470 441 1536 crediderunt.
470 1469 679 1553 Catuvolcus,
695 1494 755 1535 rex
771 1471 925 1535 dimidiae
942 1475 1066 1556 partiss

62 1572 268 1655 Eburonum,
286 1574 341 1660 qui
355 1597 423 1638 una
438 1596 511 1638 cum
525 1572 714 1656 Ambiorige
728 1574 900 1638 consilium
916 1575 1042 1657 inierat,

61 1684 174 1740 aetate
202 1678 268 1740 iam
297 1677 483 1759 confectus,
518 1699 592 1740 eum
620 1676 767 1740 laborent
796 1687 852 1741 aut
881 1677 956 1742 belli
986 1689 1043 1744 aut

61 1781 163 1862 fugae
187 1778 271 1843 ferre
294 1802 359 1844 non
376 1788 496 1864 posset,
522 1780 671 1844 omnibus
688 1779 841 1864 precibus
861 1779 1042 1847 detestatus

62 1881 306 1966 Ambiorigem,
333 1885 386 1968 qui
410 1885 480 1946 eius
505 1883 633 1947 consilii
657 1893 772 1947 auctor
795 1885 925 1966 fuisset,
952 1893 1040 1959 taxo,

59 1989 154 2053 euius
183 2009 305 2071 magna
333 1989 367 2051 in
391 1985 500 2051 Gallia
524 1985 765 2072 Germaniaque
789 1991 885 2073 eopia
910 1998 973 2063 est,
1007 2013 1041 2053 se

59 2091 275 2158 exanimavit.

148 2193 200 2260 32.
236 2194 334 2277 Segni
366 2193 609 2279 Condrusique,
646 2217 687 2258 ex
717 2205 812 2277 gente
842 2204 872 2258 et
906 2218 1040 2260 numero

60 2299 313 2370 Germanorum,
338 2299 486 2380 quisunt
509 2299 593 2360 inter
617 2297 786 2362 Eburones
804 2298 1040 2384 Treverosque,

58 2405 189 2489 legatos
222 2400 266 2465 ad
294 2397 470 2464 Caesarem
506 2402 662 2465 miserunt
698 2411 840 2482 oratum,
875 2424 916 2465 ne
947 2425 981 2466 se
1009 2405 1041 2466 in

58 2508 205 2574 hostium
221 2528 355 2570 numero
373 2505 506 2569 duceret
522 2526 603 2568 neve
627 2506 772 2569 omnium
786 2503 1036 2588 Germanorum,

59 2613 114 2697 qui
146 2618 257 2674 essent
280 2610 364 2673 citra
387 2607 551 2688 Rhenum,
580 2630 679 2672 unam
703 2631 772 2672 esse
802 2630 936 2673 eausam
960 2609 1042 2672 iudi·

58 2722 167 2779 caret:
191 2711 271 2776 nihil
296 2733 329 2776 se
354 2709 496 2775 debello
522 2712 730 2793 cogitavisse,
755 2710 843 2775 nulla
858 2711 1040 2796 Ambiorigi

59 2818 187 2884 auxilia
220 2816 357 2880 misisse.
403 2813 527 2880 Caesar
565 2814 737 2900 explorata
774 2839 808 2880 re
847 2817 1062 2901 quaestiones

58 2923 276 3008 captivorum,
307 2921 333 2984 si
358 2921 413 3005 qui
445 2919 488 2984 ad
511 2942 567 2983 eos
590 2919 764 2984 Eburones
794 2944 836 2985 ex
859 2921 940 3004 fuga
963 2943 1039 2985 con·

58 3029 247 3108 venissent,
269 3023 313 3088 ad
337 3045 371 3088 se
394 3032 430 3087 ut
450 3023 695 3106 reducerentur,
720 3024 909 3109 imperavit3
941 3026 968 3089 si
995 3027 1040 3088 ita

58 3131 227 3212 fecissent,
251 3127 333 3194 fines
357 3149 470 3192 eorum
494 3150 528 3191 se
551 3126 749 3193 violaturum
776 3130 919 3211 negavit.
956 3129 1063 3194 Tums

57 3234 164 3318 copiis
180 3234 214 3297 in
231 3234 289 3297 tris
305 3241 416 3317 partes
440 3229 620 3297 distributis
640 3232 874 3316 impedimenta
898 3235 1041 3299 omnium

57 3335 225 3421 legionum
243 3336 451 3401 Aduatucam
474 3335 622 3400 contulit.
647 3335 685 3399 Id
702 3336 828 3400 castelli
846 3347 1076 3409 nomenest.41

59 3440 134 3505 Hoc
157 3440 226 3505 fere
248 3449 300 3506 est
322 3441 355 3504 in
377 3440 494 3505 mediis
511 3438 704 3504 Eburonum
724 3439 854 3522 finibus,
878 3440 934 3505 ubi
950 3441 1040 3505 Titu-

57 3545 125 3608 rius
141 3552 241 3629 atque
254 3542 493 3608 Aurunculeius
510 3543 673 3608 hiemandi
691 3566 793 3608 causa
810 3544 1038 3609 consederant.

112 3661 198 3703 curer.
213 3660 230 3702 1.
254 3660 274 3702 b.
291 3661 316 3702 G.
853 3665 883 3712 11
