2430 4028
133 238 194 303 176
435 237 624 290 nanneno
645 238 807 291 csnmco

215 428 246 492 9.
270 430 316 495 At
332 427 458 494 Caesar
473 427 607 494 biduum
630 432 662 494 in
679 429 728 495 his
752 429 834 495 locis
849 439 1009 509 moratus,
1025 430 1112 517 qnod

131 533 211 597 baec
235 533 276 598 de
299 533 567 618 Vercingetorige
600 557 660 599 usu
683 543 821 600 ventura
844 535 999 619 opinione
1024 559 1113 620 prae

130 645 272 722 ceperat,
304 660 362 721 per
390 659 526 703 causam
555 638 772 723 supplementi
800 639 1033 725 equitatusque
1060 661 1112 705 co·

108 741 227 823 agendi
255 738 298 806 ab
328 743 475 805 exercitu
509 740 657 823 discedit,
694 741 830 806 Brutum
863 740 1112 810 adulescentem

129 843 180 909 bis
204 845 308 930 copiis
324 844 490 928 praeficit,
514 845 601 911 hunc
618 855 739 925 monet,
764 854 799 909 ut
820 845 854 911 in
871 868 984 913 omnes
999 857 1111 933 partes

129 949 255 1033 equites
290 969 388 1032 quam
422 949 579 1014 latissime
613 957 849 1033 pervagentur:
886 947 1045 1016 daturum
1078 975 1111 1018 se

107 1075 279 1136 soporem,
313 1075 354 1118 ne
382 1053 511 1138 longius
548 1054 654 1119 triduo
683 1053 725 1118 ab
755 1053 872 1119 castris
904 1052 1003 1119 absit.
1054 1055 1110 1119 His

129 1157 315 1221 constitutis
339 1155 447 1230 rebus,
471 1159 538 1221 suis
561 1156 818 1242 inopinantibus,
842 1178 943 1242 quam
957 1159 1111 1222 maximis

106 1269 236 1343 apotest
268 1260 439 1325 itineribus
474 1261 638 1326 Viennam
675 1262 832 1347 pervenit.
878 1260 929 1325 Ibi
966 1270 1109 1326 nanctus

127 1374 289 1427 recentem
318 1365 509 1448 equitatum,
546 1387 642 1449 quem
671 1363 781 1429 multis
811 1374 888 1429 ante
922 1361 1043 1429 diebus
1071 1386 1108 1428 eo

127 1468 355 1548 praemiserat,
385 1488 490 1551 neque
520 1466 634 1531 diurno
664 1488 769 1551 neque
798 1476 962 1532 nocturno
996 1467 1109 1532 itinere

126 1571 310 1635 intermisso
336 1569 496 1653 perfines
519 1570 710 1634 Aeduorum
732 1573 766 1634 iu
783 1571 951 1656 Lingones
975 1579 1107 1636 conten-

126 1672 183 1754 dit,
208 1672 264 1737 ubi
288 1672 373 1737 duae
396 1671 541 1755 legiones
564 1673 764 1750 hiemabant,
790 1683 835 1755 ut,
858 1673 983 1758 siquid
1006 1674 1105 1738 etiam

125 1776 165 1840 de
189 1798 248 1840 sua
271 1775 377 1841 salute
399 1776 442 1840 ab
466 1776 589 1840 Aeduis
612 1779 748 1842 iniretur
769 1775 908 1855 consilii,
941 1777 1106 1843 celeritate

104 1890 359 1963 spraecurreret.
405 1880 453 1944 Eo
484 1902 558 1943 cum
582 1884 793 1964 pervenisset,
822 1881 866 1945 ad
892 1878 1039 1967 reliquas
1066 1879 1105 1945 le·

124 1985 239 2066 giones
262 1985 362 2049 mittit
379 1986 533 2069 priusque
558 2006 672 2049 omnes
694 1986 727 2048 in
751 2007 852 2050 unum
872 1983 985 2050 locum
1007 1985 1104 2068 cogit,

125 2109 222 2171 quam
256 2086 297 2151 de
331 2089 400 2151 eius
434 2087 579 2152 adventu
613 2089 769 2153 Arvernis
804 2090 947 2154 nuntiari
984 2097 1104 2176 posset

103 2192 198 2255 sHac
229 2212 263 2254 re
292 2191 426 2273 cognita
455 2190 706 2275 Vercingetorix
736 2209 846 2256 rursus
877 2191 912 2255 in
940 2191 1104 2275 Bituriges

124 2295 305 2358 exercitum
321 2294 445 2358 reducit
468 2302 567 2378 atque
589 2294 665 2359 inde
680 2295 847 2380 profectus
864 2294 1103 2379 Gorgobinam,

124 2398 280 2462 Boiorum
300 2396 466 2481 oppidum,
492 2420 574 2483 quos
596 2397 642 2462 ibi
661 2397 832 2463 Helvetico
852 2397 980 2483 proelio
1002 2400 1104 2465 victos

124 2498 248 2565 Caesar
277 2499 500 2565 collocaverat
533 2501 722 2586 Aeduisque
757 2501 971 2585 attribuerat,
1007 2520 1104 2588 oppu-

122 2625 224 2686 gnare
248 2602 398 2668 instituit

211 2704 260 2769 10.
284 2705 442 2791 Magnam
465 2706 547 2773 baec
575 2732 627 2773 res
651 2707 787 2774 Caesari
809 2707 1042 2774 difficultatem
1062 2708 1104 2774 ad

122 2810 294 2875 consilium
324 2811 520 2895 capiendum
543 2812 712 2892 afferebat,
741 2814 767 2879 si
791 2812 1103 2899 reliquampartem

121 2914 237 2979 hiemis
260 2936 324 2979 uno
348 2913 422 2978 loeo
446 2912 592 2996 legiones
608 2917 798 2997 contineret,
820 2939 863 2982 ne
879 2916 1103 3002 stipendiariis

121 3017 309 3081 Aeduorum
333 3019 529 3102 expugnatis
553 3029 674 3084 cuncta
691 3019 802 3086 Gallia
824 3018 993 3103 deficeret,
1017 3020 1103 3107 quod

122 3119 247 3184 nullum
270 3122 384 3185 amicis
418 3123 450 3185 in
481 3143 520 3186 eo
545 3123 745 3206 praesidium
768 3122 933 3188 videretur
961 3126 1102 3208 positam

122 3246 211 3306 cssc;
245 3225 272 3287 si
306 3225 463 3289 maturius
493 3248 534 3288 ex
562 3224 707 3291 hibernis
736 3226 906 3309 educeret,
936 3248 980 3293 ne
1003 3226 1047 3295 ab
1068 3250 1102 3293 re

101 3327 336 3392 afrumentaria
364 3326 453 3392 duris
483 3327 751 3396 subvectionibus
779 3329 957 3397 laboraret.
1010 3330 1103 3399 Pne

123 3440 209 3495 stare
238 3433 344 3496 visum
374 3441 555 3497 esttamen
585 3454 698 3498 omnes
723 3433 935 3500 difficultates
963 3437 1100 3522 perpeti,

122 3555 219 3618 quam
253 3544 345 3598 tanta
380 3535 576 3601 contumelia
610 3547 748 3622 accepta
786 3538 930 3603 omnium
968 3561 1101 3606 suornm
