2430 4028
124 249 185 314 146
425 247 475 295 nn
494 244 615 298 serino
635 245 793 296 antinoo

99 442 185 505 rHis
219 440 419 505 confirmatis
453 438 551 504 rebus
586 436 769 504 Commium
800 435 994 503 Atrebatem
1029 457 1102 501 cum

123 549 267 628 equitatu
296 542 443 607 custodis
474 542 547 606 loco
576 544 609 606 iu
636 541 798 629 Menapiis
826 541 998 627 relinquit3
1033 541 1103 624 ipse

123 649 155 711 in
172 647 333 711 Treveros
356 645 584 731 proficiscitur.

210 749 239 815 7.
251 750 340 814 Dum
359 749 441 814 haec
455 748 627 815 aansare
645 759 810 833 geruntur,
826 748 962 813 Treveri
974 747 1104 831 magnis

122 853 247 919 coactis
267 852 432 937 peditatus
448 854 677 938 equitatusque
698 853 803 937 copiis
819 849 1006 916 Labienum
1030 871 1103 914 cum

122 978 188 1021 una
200 955 338 1040 legione,
355 957 483 1041 quaein
496 978 608 1021 eorum
623 955 742 1021 finibus
754 955 967 1032 hiemaverat,
979 953 1104 1021 adoriri

101 1056 297 1145 aparabaut,
311 1061 440 1144 iamque
453 1058 495 1124 ab
508 1080 547 1124 eo
560 1081 624 1125 non
643 1059 772 1144 longius
784 1057 875 1124 bidui
887 1060 943 1124 via
955 1058 1102 1136 aberant,

124 1185 198 1228 cum
230 1162 312 1226 duas
341 1164 472 1227 venisse
502 1162 649 1247 legiones
679 1165 783 1229 missu
805 1162 959 1229 Caesaris
981 1181 1103 1247 cogno·

102 1276 230 1331 escunt.
254 1267 375 1331 Positis
398 1267 514 1332 castris
538 1290 559 1331 a
581 1266 711 1331 milibus
735 1288 892 1352 passuum
907 1284 957 1331 xv
979 1265 1104 1332 auxilia

101 1369 363 1434 rGermanorum
387 1379 580 1454 exspectare
610 1372 823 1435 constituunt.
850 1367 1022 1435 Labienus
1051 1367 1104 1434 ho·

125 1475 223 1537 stium
239 1475 370 1556 cognito
387 1472 535 1555 consilio,
553 1495 689 1559 sperans
706 1475 889 1538 temeritate
905 1493 1021 1538 corum
1034 1472 1104 1538 fore

124 1575 269 1661 aliquam
286 1575 463 1640 dimicandi
478 1575 680 1657 facultatem,
703 1575 867 1662 praesidio
884 1577 1030 1665 quinque
1051 1597 1102 1640 co-

125 1679 265 1745 hortium
293 1679 533 1765 impedimentis
560 1680 675 1746 relicto
710 1701 785 1745 cum
814 1681 932 1764 viginti
960 1680 1104 1767 quinque

124 1780 317 1848 cohortibus
340 1805 524 1869 magnoque
547 1785 695 1870 equitatu
718 1793 833 1850 contra
854 1783 983 1848 hostem
1005 1782 1103 1868 profi·

125 1887 259 1950 ciscitur
288 1895 321 1951 et
349 1885 438 1951 mille
466 1908 623 1971 passuum
652 1887 837 1951 intermisso
861 1887 970 1970 spatio
994 1895 1104 1952 castra

103 1990 313 2054 scammunit.
335 1989 418 2053 Erat
440 1991 524 2054 inter
540 1987 726 2054 Labienum
748 1999 846 2075 atque
868 1989 996 2055 hostem
1021 1989 1104 2055 diffi-

125 2091 178 2155 cili
202 2091 342 2156 transitu
365 2091 486 2157 flumen
508 2092 652 2178 ripisque
675 2093 870 2178 praeruptis.
902 2091 977 2157 Hoc
998 2113 1104 2179 neque

124 2198 195 2280 ipse
218 2197 358 2260 transire
380 2194 525 2261 habebat
547 2197 581 2260 in
604 2197 713 2262 auimo
729 2217 835 2281 neque
858 2195 972 2262 hostes
986 2197 1103 2262 transi·

102 2309 215 2366 oturos
249 2297 470 2365 existimabat.
515 2298 709 2384 Augebatur
747 2298 945 2365 auxiliorum
981 2299 1104 2365 cotidie

126 2425 212 2488 spes.
257 2403 419 2488 Loquitur
445 2404 479 2466 in
508 2404 648 2468 concilio
679 2402 807 2488 palam,
839 2403 996 2488 quoniam
1028 2401 1105 2469 Ger

124 2507 213 2570 mani
228 2507 494 2593 appropinquare
511 2506 672 2591 dicantur,
691 2529 764 2574 sese
781 2529 858 2572 suas
874 2507 1104 2594 exercitusque

124 2609 272 2673 fortunas
296 2611 329 2672 in
353 2608 486 2675 dubium
510 2632 576 2675 non
600 2610 836 2675 devocaturum
852 2618 885 2674 et
900 2617 1036 2694 postero
1053 2609 1104 2674 die

103 2715 232 2796 rprima
247 2712 320 2777 luce
336 2722 448 2777 eastra
463 2723 637 2778 moturum.
661 2712 819 2779 Celeriter
835 2713 918 2778 hacc
932 2711 979 2778 ad
993 2713 1103 2778 hostes

125 2813 324 2893 deferuntur,
348 2824 384 2880 ut
406 2838 448 2880 ex
471 2839 591 2900 magno
608 2815 780 2881 Gallorum
801 2817 948 2902 equitum
969 2837 1103 2882 numero

103 2918 300 2991 „nonnullos
317 2916 456 2984 Gallicis
472 2919 571 2984 rebus
590 2919 703 2985 favere
725 2928 843 2985 natura
865 2918 1020 3003 cogebat.
1043 2919 1104 2996 La·

125 3024 241 3089 bienus
272 3033 372 3088 noctu
402 3022 541 3088 tribunis
571 3023 712 3088 militum
733 3026 911 3109 primisque
935 3021 1104 3089 ordinibus

126 3128 335 3207 convocatis,
366 3127 444 3212 quid
473 3129 522 3191 sui
546 3129 588 3192 sit
610 3127 756 3208 consilii,
784 3127 939 3212 proponit
961 3133 1011 3204 et,
1042 3147 1104 3213 quo

126 3229 255 3295 facilius
290 3230 441 3296 hostibus
470 3232 598 3295 timoris
629 3230 684 3295 det
711 3232 948 3314 suspicionem,
980 3231 1104 3295 maiore

126 3337 262 3419 strepitu
280 3343 313 3400 et
328 3333 479 3414 tumultu,
496 3356 596 3419 quam
611 3333 724 3420 populi
736 3334 875 3422 Romani
888 3333 952 3398 fert
967 3353 1104 3423 consuas

125 3439 216 3518 tudo,
241 3447 353 3503 castra
369 3439 492 3503 moveri
514 3438 613 3503 iubet.
638 3437 700 3502 His
722 3437 822 3503 rebus
845 3437 944 3522 fugae
967 3436 1104 3505 similem

103 3541 361 3629 sprofectionem
385 3543 500 3607 effecit.
525 3540 617 3607 Haec
641 3562 771 3627 quoque
792 3563 852 3628 per
873 3540 1103 3628 exploratores
