2430 4028
126 256 188 322 130
431 254 481 304 na
499 253 621 304 usaue
640 252 800 303 estmoe

209 444 260 508 42.
284 444 338 510 Ab
360 445 424 510 hae
447 466 506 529 spe
528 442 651 528 repulsi
672 442 784 508 Nervii
807 442 896 509 vallo
920 441 1047 528 pedum
1068 461 1102 507 1x

102 561 157 624 2et
179 551 270 615 fossa
292 548 414 634 pedum
435 566 483 611 xv
506 546 644 612 hiberna
665 549 811 632 eingtmt
834 546 931 613 Haec
952 558 989 615 et
1012 571 1105 635 supe·

122 655 244 719 riorum
266 674 427 718 annorum
449 650 686 716 consuetudine
710 650 752 716 ab
768 650 866 718 nobis
880 661 1107 738 cognoverant

122 768 155 822 et
170 756 330 843 quosdam
353 755 394 820 de
416 756 563 820 exercitu
577 756 667 819 nacti
689 755 851 839 captivos,
875 754 919 821 ab
940 754 996 820 his
1013 755 1106 822 doce·

100 861 257 943 abantur3
288 859 346 924 sed
368 858 459 923 nulla
480 858 751 924 ferramentorum
773 860 881 943 copia,
905 879 996 944 quae
1018 868 1104 924 esset

122 963 166 1028 ad
187 962 274 1027 hune
289 984 383 1027 usum
400 961 528 1040 idonea,
545 959 664 1045 gladiis
680 961 842 1047 caespites
858 961 1104 1039 circumcidere,

122 1066 276 1132 manibus
315 1064 504 1150 sagulisque
535 1075 658 1130 terram
695 1065 869 1130 exhaurire
904 1065 1105 1131 nitebantur.

101 1170 200 1252 aQua
222 1168 352 1256 quidem
372 1191 415 1234 ex
436 1190 472 1234 re
494 1167 661 1233 hominum
677 1167 850 1233 multitudo
866 1170 1030 1252 cognosci
1052 1191 1107 1254 po·

102 1277 200 1356 stuit3
222 1296 301 1339 nam
322 1274 428 1336 minus
450 1272 539 1338 horis
559 1272 663 1337 tribus
682 1271 806 1336 milium
828 1292 989 1356 passuum
1005 1289 1054 1335 xv
1075 1273 1106 1335 in

124 1379 263 1441 circuitu
291 1376 505 1440 munitionem
527 1375 735 1460 perfecerunt
759 1373 960 1460 reliquisque
990 1373 1105 1441 diebus

122 1491 228 1546 turres
261 1480 305 1545 ad
339 1479 545 1546 altitudinem
578 1478 675 1556 valli,
708 1477 813 1544 falces
847 1476 1104 1564 testudinesque,

123 1607 205 1672 quas
237 1584 338 1649 iidem
371 1584 494 1669 captivi
528 1584 709 1649 docuerant
720 1633 730 1666 ‚
768 1604 888 1667 parare
921 1602 963 1646 ae
997 1582 1104 1648 facere

123 1697 311 1774 coeperunt.

210 1790 263 1854 43.
287 1789 435 1874 Septimo
461 1789 716 1875 oppugnationis
740 1787 792 1853 die
818 1786 966 1853 maximo
991 1796 1102 1855 coorto

123 1904 222 1959 vento
252 1894 413 1958 ferventes
443 1891 534 1956 fusili
555 1913 599 1956 ex
626 1889 744 1975 argilla
766 1888 905 1975 glandes
936 1889 1054 1959 fundis
1074 1900 1104 1955 et

125 1998 308 2063 fervefacta
330 1995 439 2061 iacula
461 1997 495 2058 in
518 2017 625 2078 casas,
649 2017 734 2080 quae
755 2016 846 2060 more
863 1993 1000 2061 Gallico
1024 2005 1102 2063 stra·

105 2103 245 2167 amentis
268 2108 362 2165 erant
385 2108 502 2178 tectae,
526 2101 633 2164 iacere
649 2108 837 2183 coeperunt.
860 2098 936 2163 Hae
958 2097 1104 2165 celeriter

126 2207 235 2288 ignem
267 2201 584 2288 comprehenderunt
618 2212 650 2267 et
686 2201 776 2267 venti
811 2203 1044 2286 magnitudine
1074 2206 1104 2269 in

103 2330 256 2376 somnem
271 2307 380 2372 locum
396 2315 580 2371 castrorum
595 2305 801 2371 distulerunt.
817 2304 943 2373 Hostes
958 2310 1103 2374 maximo

125 2411 269 2476 clamore
299 2412 395 2475 sicuti
423 2419 518 2496 parta
548 2412 616 2475 iam
639 2419 738 2495 atque
766 2408 941 2494 explorata
966 2413 1105 2479 victoria

125 2525 229 2580 turres
248 2512 496 2599 testudinesque
512 2535 611 2597 agere
626 2522 659 2578 et
674 2512 773 2578 scalis
788 2511 912 2577 vallum
926 2515 1105 2583 ascendere

104 2627 314 2704 reoeperunt.
352 2617 398 2684 At
419 2629 514 2683 tanta
535 2618 674 2683 militum
697 2620 801 2684 virtus
825 2626 925 2703 atque
947 2640 991 2684 ea
1015 2641 1105 2705 prae

127 2724 233 2787 sentia
255 2723 355 2786 animi
376 2723 447 2805 suit,
471 2731 517 2801 ut,
540 2744 614 2786 oum
639 2721 781 2806 undique
795 2721 928 2786 flamma
944 2730 1105 2788 torreren-

124 2836 179 2890 tur
193 2825 403 2912 maximaque
419 2825 558 2890 telorum
574 2825 780 2891 multitudine
793 2835 1025 2911 premerentur
1035 2848 1105 2895 sus·

127 2951 190 3015 que
214 2930 323 2994 omnia
346 2927 577 3013 impedimenta
599 2936 699 3012 atque
723 2948 836 2991 omnes
856 2926 1012 2992 fortunas
1037 2949 1107 2994 con·

125 3033 266 3119 flagrare
289 3032 530 3117 intellegerent,
558 3053 625 3096 non
646 3030 745 3096 modo
775 3029 983 3114 demigrandi
1007 3052 1105 3097 eausa

127 3137 168 3202 de
190 3135 278 3202 vallo
302 3135 475 3202 decederet
502 3157 615 3218 nemo,
646 3133 705 3199 sed
733 3155 839 3218 paene
864 3155 906 3198 ne
926 3137 1106 3221 respiceret

127 3240 260 3327 quidem
282 3241 470 3324 quisquam,
495 3260 534 3302 ac
557 3246 627 3302 tum
652 3259 764 3302 omnes
787 3236 949 3301 acerrime
969 3236 1105 3304 fortissi-

104 3366 243 3430 smeque
258 3351 452 3428 pugnarent.
472 3341 536 3405 Hic
554 3341 624 3407 dies
640 3340 761 3407 nostris
777 3339 876 3424 longe
889 3342 1105 3425 gravissimus

127 3447 205 3530 fuit3
229 3447 288 3513 sed
310 3456 420 3511 tamen
442 3445 530 3510 huno
544 3444 661 3510 habuit
680 3452 843 3525 eventum,
865 3452 958 3509 uteo
974 3442 1031 3510 die
1044 3467 1105 3510 ma·

128 3553 238 3619 ximus
260 3571 414 3617 numerus
444 3549 585 3614 hostium
615 3547 840 3613 vulneraretur
862 3556 962 3632 atque
988 3547 1105 3613 interii·
