2430 4028
382 245 493 297 amaa
511 244 586 309 vrn,
606 244 682 297 car.
701 245 811 298 as-ea
1020 243 1083 310 253

107 446 166 502 aut
189 440 294 524 captis
317 459 438 522 magna
454 439 578 523 praeda
594 440 772 525 potiuntur.
796 436 935 523 Capitur
956 439 1027 523 ipse
1044 460 1082 502 eo

107 539 233 626 proelio
256 541 419 629 Drappes.

193 644 243 709 37.
266 643 423 710 Caninius
438 644 627 710 felicissime
643 668 678 711 re
694 656 789 731 gesta
811 648 880 712 sine
896 645 961 710 ullo
979 667 1083 731 paene

108 747 221 812 militis
245 746 378 814 vulnere
401 750 444 813 ad
468 748 669 815 obsidendos
695 748 879 835 oppidanos
901 750 1082 826 revertitur,

107 860 308 937 externoque
332 853 425 918 hoste
442 852 560 936 deleto,
585 855 677 918 cuius
694 855 809 919 timore
825 862 923 918 antea
939 852 1105 918 divideret

106 955 273 1040 praesidia
296 965 328 1020 ct
350 957 530 1021 munitione
547 956 733 1042 oppidanos
749 956 952 1022 circumdare
975 955 1082 1041 prohi-

105 1058 194 1123 bitus
207 1068 287 1142 erat,
305 1082 405 1146 opera
418 1060 561 1146 undique
577 1061 717 1145 imperat
729 1060 962 1126 administrari.
985 1060 1105 1125 Venite

106 1161 220 1226 eodem
253 1185 326 1227 cum
354 1165 423 1229 suis
452 1165 556 1250 copiis
586 1174 717 1248 postero
748 1164 801 1229 die
832 1162 937 1228 Gaius
959 1163 1083 1228 Fabius

104 1276 296 1352 partemque
320 1264 433 1352 oppidi
457 1268 555 1330 sumit
577 1266 622 1332 ad
645 1266 876 1333 obsidendum.

192 1367 244 1435 38.
261 1368 385 1434 Caesar
396 1372 524 1435 interim
536 1370 580 1435 M.
594 1370 773 1437 Antonium
786 1381 992 1456 quaestorem
1010 1393 1084 1435 cum

105 1473 296 1539 cohortibus
312 1493 359 1539 xv
376 1476 409 1541 in
426 1475 612 1541 Bellovacis
634 1474 797 1561 relinquit,
821 1497 862 1540 ne
886 1498 951 1562 qua
971 1497 1084 1539 rursus

104 1599 266 1643 novorum
295 1580 507 1644 consiliorum
539 1580 772 1665 capiendorum
800 1579 912 1665 Belgis
940 1578 1083 1644 facultas

108 1681 250 1746 daretur.
274 1684 350 1768 Ipse
372 1682 515 1769 reliquas
539 1685 691 1749 civitates
714 1683 793 1760 adit,
819 1681 951 1748 obsides
973 1681 1105 1769 plurest

108 1787 258 1869 imperat,
275 1788 425 1851 timentes
443 1788 586 1851 omnium
598 1788 725 1851 animos
738 1786 964 1851 consolatione
977 1795 1082 1851 sanat.

106 1886 190 1952 Cum
213 1889 246 1952 in
262 1887 423 1954 Carnutes
446 1893 599 1973 venisset,
624 1913 762 1978 quorum
777 1893 810 1956 in
834 1892 965 1955 civitate
990 1906 1105 1974 supe-³

105 1993 191 2056 riore
207 1995 442 2058 commentario
459 1993 584 2059 Caesar
598 1996 752 2081 exposuit
774 1995 902 2061 initium
915 1993 993 2058 belli
1011 2015 1083 2058 esse

105 2107 227 2173 ortum,
262 2096 350 2181 quod
385 2097 561 2184 praecipue
596 2121 652 2164 eos
687 2107 820 2184 propter
847 2099 1083 2163 conscientiam

106 2199 187 2263 facti
209 2201 322 2264 timere
347 2199 641 2284 animadvertebat,
667 2223 730 2287 quo
755 2201 891 2267 celerius
915 2204 1083 2267 civitatem

105 2304 221 2367 timore
245 2302 414 2383 liberaret,
444 2305 624 2389 principem
654 2305 785 2371 sceleris
810 2304 895 2371 illius
918 2315 952 2370 et
974 2305 1083 2369 conci·

104 2416 246 2471 tatorem
261 2407 348 2489 belli,
367 2406 576 2482 Gutruatum,
600 2408 644 2473 ad
661 2408 857 2494 supplicium
880 2410 1083 2496 depoposcit.

107 2509 172 2590 Qui
200 2512 262 2574 etsi
295 2534 336 2575 ne
366 2510 493 2577 civibus
529 2512 659 2597 quidem
688 2515 754 2577 suis
785 2536 820 2580 se
847 2511 1106 2594 committebat*

105 2623 215 2678 tamen
245 2614 393 2679 celeriter
424 2617 568 2681 omnium
598 2638 678 2681 cura
708 2618 877 2702 quaesitus
910 2618 944 2681 in
972 2624 1083 2680 castra

107 2717 304 2803 perducitur.
329 2718 466 2804 Cogitur
481 2721 514 2784 in
531 2722 600 2785 eius
617 2720 813 2807 supplicium
831 2720 954 2785 Caesar
968 2727 1104 2783 contras

105 2843 198 2886 suam
232 2832 381 2887 naturam
417 2845 579 2889 concursu
608 2825 753 2892 maximo
782 2823 934 2906 militnm,
968 2823 1023 2908 qui
1052 2823 1081 2885 ei

106 2927 215 2990 omnia
248 2926 394 3011 pericula
428 2936 459 2991 et
494 2927 689 2994 detrimenta
722 2927 799 2993 belli
841 2925 874 3016 [a
904 2923 1081 3008 Gatruato]

105 3038 243 3113 accepta
262 3030 455 3110 referebant,
479 3031 562 3097 adeo
586 3042 621 3098 ut
644 3030 835 3098 verberibus
858 3032 1082 3096 exanimatum

105 3153 228 3215 corpus
251 3135 356 3198 securi
387 3135 547 3200 feriretur.

193 3234 244 3299 39.
268 3237 319 3302 Ibi
343 3238 467 3304 crebris
492 3240 608 3305 litteris
631 3238 760 3304 Caninii
783 3239 821 3303 fit
842 3239 970 3319 certior,
999 3257 1082 3321 quae

106 3338 147 3403 de
170 3339 340 3426 Drappete
368 3351 400 3406 et
422 3342 575 3407 Lucterio
605 3352 700 3427 gesta
732 3353 858 3422 essent,
892 3360 1022 3427 quoque
1049 3341 1082 3403 in

104 3445 243 3510 consilio
267 3456 498 3531 permanerent
522 3444 689 3532 oppidani.
718 3445 867 3527 Quorum
889 3444 951 3509 etsi
974 3443 1105 3528 pauci-a

104 3555 208 3612 tatem
225 3548 466 3634 contemnebat,
483 3559 591 3615 tamen
609 3551 826 3635 pertinaciam
840 3567 963 3632 magna
977 3567 1084 3632 poena
