2430 4028
406 266 515 318 LIBER
531 266 555 330 -Ι,
575 267 652 323 cAP.
670 267 782 319 47-50.
1045 265 1085 330 37

103 481 185 544 quos
220 480 263 522 ex
286 459 374 522 omni
396 459 494 539 copia
517 455 635 538 singuli
671 455 817 540 singulos
854 479 932 520 suae
967 456 1084 522 salutis

105 584 207 628 cansa
230 559 437 644 delegerant:
469 582 544 625 cum
566 558 616 626 his
646 562 679 624 in
703 559 834 645 proeliis
859 559 1086 626 versabantur.

105 664 160 730 Ad
181 687 237 730 eos
261 687 296 731 se
319 665 445 750 equites
467 663 688 749 recipiebant3
713 663 755 745 hi,
781 666 809 728 si
832 664 911 750 quid
935 674 1007 730 erat
1030 665 1127 736 due,

106 770 184 851 rius,
210 768 460 847 concurrebant,
490 771 516 833 si
540 770 596 854 qui
618 769 770 853 graviore
793 769 925 834 vulnere
949 779 1086 854 accepto

106 895 190 958 equo
208 873 384 954 deciderat,
402 871 708 955 circumsistebant,
732 874 839 958 siquo
864 883 936 938 erat
958 871 1109 956 lougiusu

105 976 333 1062 prodeundum
364 985 420 1041 aut
449 976 586 1040 celerius
620 975 859 1060 recipiendum,
894 986 986 1041 tanta
1017 986 1090 1042 erat

105 1080 223 1146 horum
239 1082 476 1145 exercitatione
499 1080 660 1162 celeritas,
677 1088 713 1145 ut
735 1079 821 1144 iubis
841 1103 998 1166 equorum
1015 1080 1089 1146 sub-

105 1184 208 1249 levati
231 1206 362 1248 cursum
386 1183 620 1269 adaequarent.

194 1287 245 1352 49.
269 1287 336 1354 Ubi
352 1311 424 1354 eum
441 1290 560 1354 castris
584 1311 619 1352 se
642 1295 752 1353 tenere
769 1286 895 1353 Caesar
917 1286 1088 1370 intellexit,

107 1413 149 1456 ne
166 1391 288 1456 diutius
311 1400 497 1456 commeatu
513 1390 750 1475 prohiberetur,
773 1390 860 1455 ultra
881 1414 953 1455 eum
969 1389 1089 1471 locum,

108 1517 173 1580 quo
203 1497 237 1560 in
265 1495 340 1559 loco
366 1494 523 1560 Germani
550 1494 781 1574 consederant,
818 1495 947 1561 circiter
973 1517 1090 1580 passus

109 1607 284 1664 sexcentos
319 1597 360 1662 ab
395 1598 462 1678 his,
497 1601 615 1665 castris
644 1599 797 1664 idoneum
826 1599 935 1663 locum
970 1598 1091 1683 delegit

109 1703 246 1788 acieque
262 1702 381 1786 triplici
397 1704 557 1767 instructa
573 1701 616 1766 ad
632 1724 705 1766 eum
717 1700 932 1767 locumvenit.
949 1702 1112 1768 Primams

108 1816 143 1871 et
166 1805 344 1871 secundam
379 1807 483 1870 aciem
516 1808 550 1869 iu
584 1807 682 1870 armis
705 1827 794 1883 esse,
829 1807 958 1869 tertiam
981 1814 1091 1870 castra

108 1911 235 1974 munire
257 1911 362 1974 iussit.
407 1909 471 1972 Hic
502 1907 596 1973 locus
626 1907 668 1972 ab
697 1907 790 1972 hoste
814 1910 945 1974 circiter
973 1931 1113 1994 passuss

109 2021 302 2094 sexcentos,
331 2013 377 2076 uti
401 2012 608 2094 dictumest,
639 2011 763 2078 aberat.
811 2013 860 2076 Eo
884 2013 1013 2078 circiter
1034 2014 1091 2078 ho-

109 2117 233 2180 minum
255 2137 389 2181 numero
415 2115 558 2180 sedecim
592 2113 681 2180 milia
716 2114 871 2200 expedita
901 2138 975 2180 cum
1005 2119 1091 2182 omni

110 2221 260 2304 equitatu
285 2220 471 2284 Ariovistus
494 2220 594 2301 misit,
619 2240 703 2305 quae
727 2221 842 2304 copiae
867 2229 997 2286 nostros
1021 2244 1092 2306 per·

110 2334 271 2390 terrerent
298 2333 331 2390 et
357 2325 537 2390 munitione
567 2323 791 2410 prohiberent.
841 2324 951 2389 Nihilo
988 2327 1115 2390 seclusa

111 2426 251 2503 Caesar,
286 2438 322 2492 ut
355 2436 431 2493 ante
465 2430 697 2509 constituerat,
733 2427 815 2492 duas
849 2430 938 2493 acies
967 2428 1094 2493 hostem

111 2530 322 2618 propulsare,
356 2533 488 2596 tertiam
518 2554 600 2617 opus
629 2531 786 2615 perficere
808 2533 912 2597 iussit.
959 2532 1115 2595 Munitiss

111 2636 231 2702 castris
255 2635 337 2700 duas
360 2633 406 2698 ibi
429 2633 575 2719 legiones
597 2633 730 2719 reliquit
753 2643 785 2698 et
808 2644 934 2719 partem
958 2633 1093 2698 auxilio·

111 2761 202 2822 rum3
224 2747 379 2823 quattuor
402 2737 546 2821 reliquas
569 2739 601 2801 in
625 2746 736 2803 castra
759 2739 883 2802 maiora
905 2737 1045 2802 reduxit.

200 2840 253 2904 50.
277 2841 432 2906 Proximo
457 2841 509 2905 die
531 2841 679 2907 instituto
704 2864 762 2906 suo
788 2840 911 2906 Cacsar
937 2864 954 2905 e
978 2843 1093 2906 castris

112 2945 260 3030 utrisque
284 2945 398 3031 copias
422 2968 499 3010 suas
522 2944 637 3010 eduxit
658 2945 856 3031 paulumque
880 2968 900 3009 a
916 2942 1094 3008 maioribus

113 3050 233 3115 castris
271 3071 466 3135 progressus
504 3051 610 3114 aciem
645 3052 820 3129 instruxit,
858 3046 1005 3113 hostibus
1039 3070 1094 3133 pu·

112 3152 238 3237 gnandi
262 3161 462 3238 potestatem
491 3154 577 3217 fecit.
623 3152 690 3218 Ubi
718 3175 759 3216 ne
788 3161 855 3215 tum
879 3151 1008 3234 quidem
1038 3172 1116 3214 eosa

113 3255 247 3342 prodire
274 3254 451 3336 intellexit,
486 3255 617 3320 circiter
651 3255 817 3322 meridiem
854 3253 1033 3317 exercitum
1062 3256 1094 3317 in

114 3368 226 3425 castra
238 3359 377 3424 reduxit.
390 3359 475 3423 Tum
488 3359 619 3424 demum
628 3357 811 3423 Ariovistus
824 3366 951 3442 partem
963 3378 1094 3421 suarum

113 3463 303 3547 copiarum,
334 3485 417 3548 quae
445 3472 556 3527 castra
584 3463 712 3526 minora
741 3469 963 3545 oppugnaret,
997 3461 1094 3525 misit.

114 3566 246 3632 Acriter
268 3567 430 3652 utrimque
452 3587 555 3652 usqne
580 3561 621 3629 ad
645 3586 816 3648 vesperum
832 3573 1010 3648 pugnatum
1036 3573 1094 3629 est.
