2430 4028
135 253 200 320 166
444 256 493 304 DE
512 256 633 307 BELLO
653 256 813 307 eunuco

134 443 310 528 relig’ones
336 444 460 524 fingunt
477 442 657 529 Cottaeque
685 453 718 508 et
739 443 856 508 Titurii
883 443 1118 523 calamitatem,

136 548 189 631 qui
213 550 247 612 in
262 546 377 612 eodem
397 547 580 612 occiderint
594 546 743 625 castello,
759 556 837 612 ante
855 547 969 612 oculos
984 562 1119 634 ponunt

113 649 212 715 oTali
237 653 354 716 timore
379 649 529 714 omnibus
560 652 740 735 perterritis
770 650 983 716 confirmatur
1010 653 1119 737 opinio

138 752 301 831 barbaris,
326 765 361 818 ut
379 777 421 818 ex
437 757 569 838 captivo
592 754 774 836 audierant,
791 752 915 819 nullum
930 777 1007 819 esse
1029 756 1117 821 intus

101 882 126 919 ro
140 857 350 942 praesidium.
385 858 598 942 Perrumpere
627 861 774 923 nituntur
796 881 894 943 seque
915 859 981 945 ipsi
1003 857 1119 923 adhor-

134 972 262 1043 tantur,
295 984 335 1025 ne
362 971 489 1025 tantam
511 963 677 1026 fortunam
699 985 743 1027 ex
765 961 917 1027 manibus
939 962 1118 1029 dimittent.

220 1063 272 1127 38.
298 1065 378 1128 Erat
408 1087 505 1148 aeger
534 1086 609 1129 eum
631 1065 797 1150 praesidio
825 1066 960 1131 relictus
983 1064 1116 1131 Publius

135 1165 268 1231 Sextius
298 1166 460 1248 Baculus,
495 1169 550 1252 qui
572 1168 711 1252 primum
740 1167 844 1253 pilum
866 1167 910 1232 ad
939 1165 1115 1233 Caesarem

135 1270 286 1348 duxerat,
310 1272 403 1333 cuius
426 1272 622 1335 mentionem
639 1270 863 1356 superioribus
881 1271 1018 1355 proeliis
1041 1273 1116 1337 feei·

112 1396 217 1454 emus,
243 1396 282 1437 ae
312 1374 398 1438 diem
428 1376 494 1438 iam
516 1377 663 1458 quintum
688 1373 762 1439 cibo
785 1384 947 1440 caruerat.
970 1375 1039 1440 Hic
1060 1375 1117 1441 dii·

133 1476 213 1540 fisus
243 1499 321 1541 suae
352 1487 450 1562 atque
479 1481 623 1543 omnium
656 1479 755 1543 saluti
782 1480 915 1544 inermis
944 1501 990 1545 ex
1011 1478 1116 1545 taber

134 1580 253 1644 naeulo
270 1580 390 1664 prodit,
412 1579 503 1644 ridet
519 1584 687 1645 imminere
698 1578 811 1646 hostes
826 1590 926 1668 atque
939 1583 976 1647 in
991 1603 1115 1647 summo

134 1707 207 1748 esse
230 1707 296 1748 rem
321 1684 523 1765 discrimine,
555 1688 644 1768 capit
667 1707 757 1749 arma
787 1707 808 1749 a
834 1687 998 1772 proximis
1020 1694 1116 1772 atque

112 1790 166 1852 sin
191 1799 286 1873 porta
316 1790 479 1852 consistit.
525 1786 777 1872 Consequentur
799 1788 885 1852 bunc
907 1789 1115 1854 centuriones

133 1892 203 1955 eius
225 1890 387 1971 cohortis,
422 1912 505 1975 quae
527 1892 559 1954 in
584 1894 724 1955 statione
747 1901 834 1973 erat3
861 1891 1032 1978 paulisper
1052 1914 1114 1957 uns

110 1993 292 2078 rproelium
324 1995 496 2067 sustinent.
525 1993 690 2078 Relinquit
719 1996 846 2059 animus
869 1993 1022 2059 Sextium
1044 2017 1114 2080 grs-

134 2097 230 2162 vibus
253 2099 400 2180 acceptis
423 2096 630 2161 vulneribus:
653 2119 751 2182 aegre
770 2119 828 2183 per
849 2118 970 2163 manus
991 2107 1113 2165 tractus

110 2210 290 2267 sservatur.
319 2201 393 2264 Hoc
417 2202 525 2284 spatio
549 2201 742 2285 interposito
765 2200 881 2286 reliqui
903 2223 979 2267 sese
1001 2201 1113 2267 confir

131 2313 222 2369 mant
244 2313 381 2385 tantum,
403 2313 440 2367 ut
462 2306 495 2368 in
511 2303 748 2368 munitionibus
765 2306 947 2370 consistere
970 2304 1113 2371 audeam

132 2409 338 2493 speciemque
361 2407 569 2473 defensorum
591 2390 782 2491 praebeant.

216 2510 267 2574 39.
290 2512 422 2574 [nterim
440 2512 591 2575 confecta
606 2512 860 2575 frumentatione
874 2509 998 2575 milites
1012 2513 1113 2576 nostri

130 2615 307 2679 clamorem
323 2613 523 2694 exaudiunt,
539 2624 752 2698 praecurrunt
768 2615 914 2698 equites,
927 2624 1053 2698 quanto
1064 2637 1114 2678 res

83 2731 88 2740 '
108 2721 173 2784 rsit
189 2721 220 2782 in
238 2716 383 2804 periculo
396 2729 611 2801 cognoscunt.
628 2717 692 2781 Hie
708 2739 786 2782 vero
800 2715 892 2782 nulla
900 2719 1042 2783 munitio
1056 2728 1113 2793 est,

130 2845 214 2907 quae
230 2823 420 2907 perterritos
435 2823 590 2905 recipiat:
607 2819 705 2884 modo
723 2820 902 2906 conscripti
920 2830 1022 2906 atque
1036 2842 1112 2887 usus

128 2925 277 2990 militaris
294 2926 436 3009 imperiti
453 2923 495 2987 ad
507 2923 671 2988 tribunum
688 2923 828 2989 militum
840 2923 1112 3010 centurionesque

131 3053 189 3093 ora
206 3039 418 3109 convertunt3
435 3028 514 3114 quid
531 3027 573 3091 ab
590 3026 640 3091 his
659 3028 891 3112 praecipiatur,
907 3037 1112 3112 exspectant

107 3133 233 3197 aNemo
255 3143 305 3197 est
326 3142 394 3196 tam
418 3132 528 3207 fortis,
556 3133 633 3216 quin
658 3134 704 3194 rei
728 3132 875 3194 novitate
896 3130 1111 3214 perturbetur.

106 3236 271 3300 rBarbari
296 3237 389 3318 signa
413 3235 527 3319 procul
551 3236 733 3318 conspicati
758 3235 1008 3319 oppugnatione
1030 3233 1110 3299 desi-

130 3349 235 3421 stunt3
259 3341 384 3405 redisse
406 3342 510 3424 primo
535 3339 682 3422 legiones
705 3338 853 3411 credunt,
875 3360 960 3423 ques
982 3338 1110 3423 longius

129 3444 321 3508 discessisse
338 3467 379 3508 ex
396 3445 536 3527 captivis
556 3453 797 3526 cognoverant3
821 3451 939 3527 postea
953 3440 1109 3529 despeeh

126 3549 295 3633 paucitate
318 3569 360 3609 ex
385 3545 534 3609 omnibus
556 3543 706 3631 partibus
728 3547 885 3630 impetum
909 3543 1045 3613 faciunt.
