2430 4028
418 234 530 284 Linus
549 234 594 293 VI,
614 234 691 284 CAP.
709 236 783 283 6-8.
1027 237 1085 302 147

99 431 180 488 ante
215 423 322 489 lucem
358 425 390 489 in
424 433 517 490 tanta
550 428 796 512 propinquitate
830 434 1013 492 castrorum
1043 428 1087 493 ad

100 527 219 591 hostes
243 527 442 592 deferuntur.

190 630 219 694 8.
243 630 311 696 Vix
326 651 443 715 agmen
458 632 674 698 novissimum
687 641 782 698 extra
797 633 995 699 munitiones
1011 656 1084 721 pro·

104 742 266 817 cesserat,
291 757 365 799 cum
383 735 472 801 Galli
494 734 658 802 cohortati
681 739 766 803 inter
789 761 834 822 se,
857 761 899 803 ne
923 747 1088 824 speratam

102 836 267 923 praedam
289 862 332 904 ex
356 839 507 905 manibus
525 840 741 924 dimitterent3
765 839 898 926 longum
922 864 994 906 esse
1017 864 1089 927 per·

100 941 226 1013 territis
249 940 406 1008 Romanis
431 941 670 1009 Germanorum
695 943 855 1010 auxilium
882 953 1087 1030 exspectare,

101 1066 212 1129 neque
241 1067 335 1111 suam
357 1050 430 1133 pati
460 1047 668 1132 dignitatem,
698 1058 733 1113 ut
762 1050 863 1113 tantis
893 1051 996 1134 copiis
1020 1058 1089 1114 tam

104 1149 264 1232 exiguam
286 1172 418 1216 manum
442 1153 635 1235 praesertim
665 1153 844 1237 fugientem
867 1161 966 1238 atque
988 1154 1089 1237 impe.

103 1250 211 1316 ditam
227 1252 350 1319 adoriri
364 1277 431 1319 non
447 1255 599 1340 audeant,
622 1256 743 1322 flumen
759 1257 898 1321 transire
922 1265 955 1320 et
976 1255 1088 1341 iniquo

104 1355 183 1419 loco
208 1360 411 1423 committere
434 1359 595 1444 proelium
617 1382 683 1424 non
708 1359 869 1424 dubitant.
902 1359 996 1440 Quae
1019 1360 1112 1425 fores

104 1460 296 1546 suspicatus
311 1458 490 1544 Labienus,
512 1472 548 1527 ut
571 1484 683 1528 omnes
705 1465 788 1527 citra
808 1463 930 1527 flumen
946 1462 1089 1546 eliceret,

103 1564 223 1629 eadem
255 1587 333 1628 usus
358 1565 564 1630 simulatione
587 1567 713 1630 itineris
742 1566 874 1650 placide
903 1565 1089 1652 progredie-

102 1666 214 1747 batur.
247 1669 332 1733 Tum
354 1670 544 1755 praemissis
568 1669 698 1754 paulum
726 1670 967 1755 impedimentis
991 1679 1111 1755 atques

108 1771 141 1834 in
173 1772 300 1838 tumulo
325 1773 469 1860 quodam
493 1773 673 1857 collocatis,
692 1767 858 1857 ‘habetis',
881 1776 996 1859 inquit,
1019 1769 1092 1839 ‘mi-

105 1874 202 1952 lites,
225 1875 331 1962 'quam
357 1878 503 1963 petistis,
535 1877 741 1942 facultatem:
774 1876 902 1942 hostem
932 1876 1089 1961 impedito

105 1988 205 2064 atque
232 1981 345 2067 iniquo
374 1980 448 2046 loco
472 1983 608 2064 tenetis,
631 1989 798 2066 praestate
828 1981 965 2046 eandem
996 1981 1112 2047 nobisr

106 2080 249 2148 ducibus
283 2086 453 2166 virtutem,
491 2107 589 2170 quam
628 2107 864 2170 saepenumero
899 2087 1090 2169 imperatori

106 2187 332 2271 praestitistis,
356 2197 455 2273 atque
473 2186 564 2252 illum
589 2188 706 2252 adesse
730 2187 866 2252 ethaeo
891 2210 1002 2252 coram
1025 2211 1092 2252 cer·

104 2312 184 2355 nere
208 2287 417 2357 existimate.'
464 2291 568 2357 Simul
598 2294 693 2376 signa
725 2292 769 2356 ad
791 2291 920 2356 hostem
944 2293 1114 2356 convertis

106 2395 278 2480 aciemque
303 2395 399 2479 dirigi
421 2394 512 2460 iubet
534 2405 566 2460 et
588 2397 704 2481 paucis
727 2396 842 2460 turmis
859 2394 1024 2480 praesidio
1048 2395 1092 2459 ad

106 2497 343 2583 impedimenta
366 2499 509 2564 dimissis
525 2498 669 2585 reliquos
693 2500 818 2583 equites
841 2497 885 2562 ad
907 2496 1011 2563 latera
1027 2498 1092 2562 dis·

108 2602 215 2686 ponit.
239 2597 398 2667 Celeriter
419 2603 524 2666 nostri
541 2601 684 2666 clamore
702 2600 831 2665 sublato
848 2600 916 2686 pila
930 2601 964 2665 in
981 2601 1113 2670 hostess

106 2707 299 2772 immittunt.
343 2704 405 2786 Illi,
429 2703 486 2770 ubi
509 2715 642 2791 praeter
665 2726 757 2791 spem
780 2727 863 2790 quos
886 2705 998 2789 lugere
1024 2727 1092 2770 cre-

107 2808 233 2875 debant
255 2809 384 2874 infestis
408 2809 511 2893 signis
536 2809 579 2874 ad
603 2832 638 2873 se
662 2810 708 2872 ire
735 2809 906 2891 viderunt,
935 2811 1092 2894 impetum

107 2913 208 2979 modo
238 2913 325 2978 ferre
354 2935 420 2978 non
454 2922 632 2998 potuerunt
666 2934 705 2976 ac
734 2915 838 2998 primo
870 2934 1032 2977 concursu
1058 2915 1092 2977 in

108 3017 225 3100 fugam
248 3018 388 3082 coniecti
404 3017 573 3102 proximas
598 3015 698 3080 silvas
722 3016 894 3100 petierunt.
918 3014 1010 3096 Quos
1028 3017 1113 3084 Lar

106 3118 224 3184 bienus
256 3119 402 3205 equitatu
436 3127 644 3183 consectatus
677 3137 797 3201 magno
833 3141 967 3184 numero
997 3120 1094 3184 inter-

108 3216 215 3303 fecto,
245 3221 471 3308 compluribus
501 3225 609 3308 captis
632 3223 747 3308 paucis
775 3231 850 3307 post
878 3222 992 3287 diebus
1016 3224 1092 3287 civi·

109 3335 215 3393 tatem
236 3328 371 3413 recepit.
395 3326 479 3391 Nam
496 3324 664 3409 Germani,
689 3328 744 3410 qui
760 3326 883 3391 auxilio
907 3326 1093 3410 veniebant,

109 3437 270 3516 percepta
293 3430 509 3495 Treverorum
532 3429 612 3513 fuga
641 3451 714 3493 sese
737 3428 869 3495 domum
891 3441 1093 3515 receperunt.

110 3531 198 3603 Cum
236 3533 288 3598 his
325 3534 500 3620 propinqui
535 3532 769 3618 indutiomari,
808 3535 863 3619 qui
900 3533 1115 3601 defectioniss

886 3655 940 3703 10t
