<?xml version="1.0" encoding="UTF-8"?>
<!DOCTYPE html PUBLIC "-//W3C//DTD XHTML 1.0 Transitional//EN"
    "http://www.w3.org/TR/xhtml1/DTD/xhtml1-transitional.dtd">
<html xmlns="http://www.w3.org/1999/xhtml" xml:lang="en" lang="en">
 <head>
  <title>
</title>
<meta http-equiv="Content-Type" content="text/html;charset=utf-8" />
  <meta name='ocr-system' content='tesseract 3.04.00' />
  <meta name='ocr-capabilities' content='ocr_page ocr_carea ocr_par ocr_line ocrx_word'/>
</head>
<body>
  <div class='ocr_page' id='page_1' title='image "./ciuliicaesarisc01hoffgoog_0019.png"; bbox 0 0 2430 4028; ppageno 0'>
   <div class='ocr_carea' id='block_1_1' title="bbox 165 279 837 344">
    <p class='ocr_par' dir='ltr' id='par_1_1' title="bbox 165 279 837 344">
     <span class='ocr_line' id='line_1_1' title="bbox 165 279 837 344; baseline 0.003 -16"><span class='ocrx_word' id='word_1_1' title='bbox 165 279 206 344; x_wconf 88' lang='lat'><strong>10</strong></span> <span class='ocrx_word' id='word_1_2' title='bbox 472 281 521 329; x_wconf 82' lang='lat' dir='ltr'><strong>nn</strong></span> <span class='ocrx_word' id='word_1_3' title='bbox 540 279 659 331; x_wconf 75' lang='lat' dir='ltr'><strong>nunno</strong></span> <span class='ocrx_word' id='word_1_4' title='bbox 679 279 837 330; x_wconf 70' lang='lat' dir='ltr'><strong>caturco</strong></span> 
     </span>
    </p>
   </div>
   <div class='ocr_carea' id='block_1_2' title="bbox 143 468 1157 3658">
    <p class='ocr_par' dir='ltr' id='par_1_2' title="bbox 143 468 1145 1176">
     <span class='ocr_line' id='line_1_2' title="bbox 165 468 1142 555; baseline -0.005 -19"><span class='ocrx_word' id='word_1_5' title='bbox 165 494 237 536; x_wconf 91' lang='lat' dir='ltr'><strong>eam</strong></span> <span class='ocrx_word' id='word_1_6' title='bbox 260 493 329 535; x_wconf 88' lang='lat' dir='ltr'><strong>rem</strong></span> <span class='ocrx_word' id='word_1_7' title='bbox 351 479 409 535; x_wconf 92' lang='lat' dir='ltr'><strong>aut</strong></span> <span class='ocrx_word' id='word_1_8' title='bbox 432 492 511 535; x_wconf 89' lang='lat' dir='ltr'><strong>suae</strong></span> <span class='ocrx_word' id='word_1_9' title='bbox 534 491 733 555; x_wconf 86' lang='lat' dir='ltr'><strong>magnopere</strong></span> <span class='ocrx_word' id='word_1_10' title='bbox 762 469 873 534; x_wconf 90' lang='lat' dir='ltr'><strong>virtuti</strong></span> <span class='ocrx_word' id='word_1_11' title='bbox 896 468 1055 534; x_wconf 82' lang='lat' dir='ltr'><strong>tribueret</strong></span> <span class='ocrx_word' id='word_1_12' title='bbox 1084 477 1142 532; x_wconf 90' lang='lat' dir='ltr'><strong>aut</strong></span> 
     </span>
     <span class='ocr_line' id='line_1_3' title="bbox 143 572 1141 660; baseline -0.002 -22"><span class='ocrx_word' id='word_1_13' title='bbox 143 576 254 660; x_wconf 72' lang='lat' dir='ltr'><strong>eipsos</strong></span> <span class='ocrx_word' id='word_1_14' title='bbox 288 574 480 660; x_wconf 88' lang='lat' dir='ltr'><strong>despiceret.</strong></span> <span class='ocrx_word' id='word_1_15' title='bbox 526 574 569 639; x_wconf 88' lang='lat' dir='ltr'><strong>Se</strong></span> <span class='ocrx_word' id='word_1_16' title='bbox 597 576 644 638; x_wconf 91' lang='lat' dir='ltr'><strong>ita</strong></span> <span class='ocrx_word' id='word_1_17' title='bbox 672 596 693 638; x_wconf 93' lang='lat' dir='ltr'><strong>a</strong></span> <span class='ocrx_word' id='word_1_18' title='bbox 721 573 870 658; x_wconf 91' lang='lat' dir='ltr'><strong>patribus</strong></span> <span class='ocrx_word' id='word_1_19' title='bbox 898 572 1141 657; x_wconf 89' lang='lat' dir='ltr'><strong>maioribusque</strong></span> 
     </span>
     <span class='ocr_line' id='line_1_4' title="bbox 167 676 1143 762; baseline -0.005 -19"><span class='ocrx_word' id='word_1_20' title='bbox 167 681 234 743; x_wconf 89' lang='lat' dir='ltr'><strong>suis</strong></span> <span class='ocrx_word' id='word_1_21' title='bbox 257 677 427 759; x_wconf 84' lang='lat' dir='ltr'><strong>didicisse,</strong></span> <span class='ocrx_word' id='word_1_22' title='bbox 456 687 492 741; x_wconf 87' lang='lat' dir='ltr'><strong>ut</strong></span> <span class='ocrx_word' id='word_1_23' title='bbox 513 678 619 760; x_wconf 89' lang='lat' dir='ltr'><strong>magis</strong></span> <span class='ocrx_word' id='word_1_24' title='bbox 642 680 761 742; x_wconf 87' lang='lat' dir='ltr'><strong>virtute</strong></span> <span class='ocrx_word' id='word_1_25' title='bbox 784 699 882 762; x_wconf 90' lang='lat' dir='ltr'><strong>quam</strong></span> <span class='ocrx_word' id='word_1_26' title='bbox 910 676 986 741; x_wconf 92' lang='lat' dir='ltr'><strong>dolo</strong></span> <span class='ocrx_word' id='word_1_27' title='bbox 1010 684 1143 740; x_wconf 90' lang='lat' dir='ltr'><strong>conten-</strong></span> 
     </span>
     <span class='ocr_line' id='line_1_5' title="bbox 143 780 1142 861; baseline -0.005 -16"><span class='ocrx_word' id='word_1_28' title='bbox 143 782 280 846; x_wconf 72' lang='lat' dir='ltr'><strong>tderent</strong></span> <span class='ocrx_word' id='word_1_29' title='bbox 296 791 352 847; x_wconf 88' lang='lat' dir='ltr'><strong>aut</strong></span> <span class='ocrx_word' id='word_1_30' title='bbox 374 780 503 844; x_wconf 84' lang='lat' dir='ltr'><strong>insidiis</strong></span> <span class='ocrx_word' id='word_1_31' title='bbox 519 782 707 845; x_wconf 85' lang='lat' dir='ltr'><strong>niterentur.</strong></span> <span class='ocrx_word' id='word_1_32' title='bbox 733 781 843 861; x_wconf 74' lang='lat' dir='ltr'><strong>Quare</strong></span> <span class='ocrx_word' id='word_1_33' title='bbox 858 803 900 845; x_wconf 90' lang='lat' dir='ltr'><strong>ne</strong></span> <span class='ocrx_word' id='word_1_34' title='bbox 916 780 1142 859; x_wconf 90' lang='lat' dir='ltr'><strong>committeret,</strong></span> 
     </span>
     <span class='ocr_line' id='line_1_6' title="bbox 165 880 1145 968; baseline -0.006 -18"><span class='ocrx_word' id='word_1_35' title='bbox 165 895 202 950; x_wconf 92' lang='lat' dir='ltr'><strong>ut</strong></span> <span class='ocrx_word' id='word_1_36' title='bbox 223 887 251 949; x_wconf 90' lang='lat' dir='ltr'><strong>is</strong></span> <span class='ocrx_word' id='word_1_37' title='bbox 274 883 378 966; x_wconf 91' lang='lat' dir='ltr'><strong>locus,</strong></span> <span class='ocrx_word' id='word_1_38' title='bbox 403 882 458 948; x_wconf 92' lang='lat' dir='ltr'><strong>ubi</strong></span> <span class='ocrx_word' id='word_1_39' title='bbox 482 885 723 966; x_wconf 83' lang='lat' dir='ltr'><strong>constitissent,</strong></span> <span class='ocrx_word' id='word_1_40' title='bbox 755 908 797 949; x_wconf 89' lang='lat' dir='ltr'><strong>ex</strong></span> <span class='ocrx_word' id='word_1_41' title='bbox 820 883 1008 949; x_wconf 81' lang='lat' dir='ltr'><strong>calamitate</strong></span> <span class='ocrx_word' id='word_1_42' title='bbox 1030 880 1145 968; x_wconf 94' lang='lat' dir='ltr'><strong>populi</strong></span> 
     </span>
     <span class='ocr_line' id='line_1_7' title="bbox 165 988 1145 1072; baseline -0.004 -20"><span class='ocrx_word' id='word_1_43' title='bbox 165 989 305 1053; x_wconf 88' lang='lat' dir='ltr'><strong>Romani</strong></span> <span class='ocrx_word' id='word_1_44' title='bbox 339 996 372 1052; x_wconf 91' lang='lat' dir='ltr'><strong>et</strong></span> <span class='ocrx_word' id='word_1_45' title='bbox 403 988 626 1052; x_wconf 88' lang='lat' dir='ltr'><strong>internecione</strong></span> <span class='ocrx_word' id='word_1_46' title='bbox 660 991 824 1053; x_wconf 84' lang='lat' dir='ltr'><strong>exercitus</strong></span> <span class='ocrx_word' id='word_1_47' title='bbox 858 1011 976 1054; x_wconf 90' lang='lat' dir='ltr'><strong>nomen</strong></span> <span class='ocrx_word' id='word_1_48' title='bbox 1011 994 1145 1072; x_wconf 86' lang='lat' dir='ltr'><strong>caperet</strong></span> 
     </span>
     <span class='ocr_line' id='line_1_8' title="bbox 166 1091 622 1176; baseline -0.004 -21"><span class='ocrx_word' id='word_1_49' title='bbox 166 1100 223 1155; x_wconf 94' lang='lat' dir='ltr'><strong>aut</strong></span> <span class='ocrx_word' id='word_1_50' title='bbox 245 1092 435 1155; x_wconf 84' lang='lat' dir='ltr'><strong>memoriam</strong></span> <span class='ocrx_word' id='word_1_51' title='bbox 459 1091 622 1176; x_wconf 87' lang='lat' dir='ltr'><strong>proderet.</strong></span> 
     </span>
    </p>

    <p class='ocr_par' dir='ltr' id='par_1_3' title="bbox 167 1192 1147 1593">
     <span class='ocr_line' id='line_1_9' title="bbox 255 1192 1146 1281; baseline -0.001 -25"><span class='ocrx_word' id='word_1_52' title='bbox 255 1194 303 1258; x_wconf 89' lang='lat'><strong>14.</strong></span> <span class='ocrx_word' id='word_1_53' title='bbox 333 1195 394 1260; x_wconf 91' lang='lat' dir='ltr'><strong>His</strong></span> <span class='ocrx_word' id='word_1_54' title='bbox 425 1192 549 1259; x_wconf 84' lang='lat' dir='ltr'><strong>Caesar</strong></span> <span class='ocrx_word' id='word_1_55' title='bbox 575 1197 622 1260; x_wconf 90' lang='lat' dir='ltr'><strong>ita</strong></span> <span class='ocrx_word' id='word_1_56' title='bbox 651 1196 836 1281; x_wconf 85' lang='lat' dir='ltr'><strong>respondit:</strong></span> <span class='ocrx_word' id='word_1_57' title='bbox 870 1217 908 1259; x_wconf 89' lang='lat' dir='ltr'><strong>co</strong></span> <span class='ocrx_word' id='word_1_58' title='bbox 944 1193 1005 1258; x_wconf 86' lang='lat' dir='ltr'><strong>sibi</strong></span> <span class='ocrx_word' id='word_1_59' title='bbox 1039 1195 1146 1258; x_wconf 91' lang='lat' dir='ltr'><strong>minus</strong></span> 
     </span>
     <span class='ocr_line' id='line_1_10' title="bbox 167 1297 1147 1384; baseline -0.004 -22"><span class='ocrx_word' id='word_1_60' title='bbox 167 1297 381 1362; x_wconf 89' lang='lat' dir='ltr'><strong>dubitationis</strong></span> <span class='ocrx_word' id='word_1_61' title='bbox 398 1298 479 1380; x_wconf 90' lang='lat' dir='ltr'><strong>dari,</strong></span> <span class='ocrx_word' id='word_1_62' title='bbox 503 1298 592 1384; x_wconf 91' lang='lat' dir='ltr'><strong>quod</strong></span> <span class='ocrx_word' id='word_1_63' title='bbox 614 1321 671 1363; x_wconf 88' lang='lat' dir='ltr'><strong>cas</strong></span> <span class='ocrx_word' id='word_1_64' title='bbox 694 1323 756 1379; x_wconf 89' lang='lat' dir='ltr'><strong>res,</strong></span> <span class='ocrx_word' id='word_1_65' title='bbox 782 1321 864 1384; x_wconf 88' lang='lat' dir='ltr'><strong>quas</strong></span> <span class='ocrx_word' id='word_1_66' title='bbox 887 1298 986 1381; x_wconf 88' lang='lat' dir='ltr'><strong>legati</strong></span> <span class='ocrx_word' id='word_1_67' title='bbox 1003 1297 1147 1360; x_wconf 90' lang='lat' dir='ltr'><strong>Helvetii</strong></span> 
     </span>
     <span class='ocr_line' id='line_1_11' title="bbox 167 1401 1146 1487; baseline -0.004 -21"><span class='ocrx_word' id='word_1_68' title='bbox 167 1410 488 1484; x_wconf 85' lang='lat' dir='ltr'><strong>commemorassent,</strong></span> <span class='ocrx_word' id='word_1_69' title='bbox 507 1404 665 1467; x_wconf 91' lang='lat' dir='ltr'><strong>memoria</strong></span> <span class='ocrx_word' id='word_1_70' title='bbox 681 1411 815 1473; x_wconf 84' lang='lat' dir='ltr'><strong>teneret,</strong></span> <span class='ocrx_word' id='word_1_71' title='bbox 838 1411 936 1487; x_wconf 90' lang='lat' dir='ltr'><strong>atque</strong></span> <span class='ocrx_word' id='word_1_72' title='bbox 960 1424 998 1466; x_wconf 91' lang='lat' dir='ltr'><strong>eo</strong></span> <span class='ocrx_word' id='word_1_73' title='bbox 1014 1401 1146 1484; x_wconf 89' lang='lat' dir='ltr'><strong>gravius</strong></span> 
     </span>
     <span class='ocr_line' id='line_1_12' title="bbox 167 1504 1146 1593; baseline -0.004 -23"><span class='ocrx_word' id='word_1_74' title='bbox 167 1507 261 1589; x_wconf 85' lang='lat' dir='ltr'><strong>ferre,</strong></span> <span class='ocrx_word' id='word_1_75' title='bbox 285 1529 348 1593; x_wconf 92' lang='lat' dir='ltr'><strong>quo</strong></span> <span class='ocrx_word' id='word_1_76' title='bbox 372 1508 479 1572; x_wconf 89' lang='lat' dir='ltr'><strong>minus</strong></span> <span class='ocrx_word' id='word_1_77' title='bbox 497 1508 613 1570; x_wconf 87' lang='lat' dir='ltr'><strong>merito</strong></span> <span class='ocrx_word' id='word_1_78' title='bbox 637 1505 750 1592; x_wconf 91' lang='lat' dir='ltr'><strong>populi</strong></span> <span class='ocrx_word' id='word_1_79' title='bbox 766 1506 905 1570; x_wconf 85' lang='lat' dir='ltr'><strong>Romani</strong></span> <span class='ocrx_word' id='word_1_80' title='bbox 929 1504 1146 1569; x_wconf 86' lang='lat' dir='ltr'><strong>accidissent:</strong></span> 
     </span>
    </p>

    <p class='ocr_par' dir='ltr' id='par_1_4' title="bbox 146 1607 1157 3658">
     <span class='ocr_line' id='line_1_13' title="bbox 146 1607 1148 1694; baseline 0 -24"><span class='ocrx_word' id='word_1_81' title='bbox 146 1611 223 1694; x_wconf 82' lang='lat' dir='ltr'><strong>squi</strong></span> <span class='ocrx_word' id='word_1_82' title='bbox 254 1610 280 1672; x_wconf 89' lang='lat' dir='ltr'><strong>si</strong></span> <span class='ocrx_word' id='word_1_83' title='bbox 304 1608 442 1674; x_wconf 88' lang='lat' dir='ltr'><strong>alicuius</strong></span> <span class='ocrx_word' id='word_1_84' title='bbox 465 1610 601 1674; x_wconf 88' lang='lat' dir='ltr'><strong>iniuriae</strong></span> <span class='ocrx_word' id='word_1_85' title='bbox 636 1607 699 1674; x_wconf 90' lang='lat' dir='ltr'><strong>sibi</strong></span> <span class='ocrx_word' id='word_1_86' title='bbox 733 1610 884 1675; x_wconf 89' lang='lat' dir='ltr'><strong>conscius</strong></span> <span class='ocrx_word' id='word_1_87' title='bbox 914 1609 1046 1689; x_wconf 87' lang='lat' dir='ltr'><strong>luisset,</strong></span> <span class='ocrx_word' id='word_1_88' title='bbox 1080 1629 1148 1670; x_wconf 92' lang='lat' dir='ltr'><strong>non</strong></span> 
     </span>
     <span class='ocr_line' id='line_1_14' title="bbox 168 1711 1148 1798; baseline -0.002 -23"><span class='ocrx_word' id='word_1_89' title='bbox 168 1712 268 1777; x_wconf 84' lang='lat' dir='ltr'><strong>fuisse</strong></span> <span class='ocrx_word' id='word_1_90' title='bbox 285 1712 418 1777; x_wconf 87' lang='lat' dir='ltr'><strong>difficile</strong></span> <span class='ocrx_word' id='word_1_91' title='bbox 441 1735 573 1794; x_wconf 80' lang='lat' dir='ltr'><strong>cavere3</strong></span> <span class='ocrx_word' id='word_1_92' title='bbox 597 1712 655 1776; x_wconf 87' lang='lat' dir='ltr'><strong>sed</strong></span> <span class='ocrx_word' id='word_1_93' title='bbox 677 1734 716 1777; x_wconf 88' lang='lat' dir='ltr'><strong>eo</strong></span> <span class='ocrx_word' id='word_1_94' title='bbox 737 1711 918 1797; x_wconf 90' lang='lat' dir='ltr'><strong>deceptum,</strong></span> <span class='ocrx_word' id='word_1_95' title='bbox 936 1711 1024 1798; x_wconf 91' lang='lat' dir='ltr'><strong>quod</strong></span> <span class='ocrx_word' id='word_1_96' title='bbox 1042 1731 1148 1794; x_wconf 85' lang='lat' dir='ltr'><strong>noque</strong></span> 
     </span>
     <span class='ocr_line' id='line_1_15' title="bbox 169 1813 1148 1900; baseline -0.001 -22"><span class='ocrx_word' id='word_1_97' title='bbox 169 1816 379 1880; x_wconf 91' lang='lat' dir='ltr'><strong>commissum</strong></span> <span class='ocrx_word' id='word_1_98' title='bbox 408 1838 429 1879; x_wconf 89' lang='lat' dir='ltr'><strong>a</strong></span> <span class='ocrx_word' id='word_1_99' title='bbox 452 1839 486 1880; x_wconf 92' lang='lat' dir='ltr'><strong>se</strong></span> <span class='ocrx_word' id='word_1_100' title='bbox 508 1813 720 1899; x_wconf 86' lang='lat' dir='ltr'><strong>intellegeret,</strong></span> <span class='ocrx_word' id='word_1_101' title='bbox 745 1837 845 1900; x_wconf 88' lang='lat' dir='ltr'><strong>quare</strong></span> <span class='ocrx_word' id='word_1_102' title='bbox 868 1817 1012 1891; x_wconf 88' lang='lat' dir='ltr'><strong>timeret,</strong></span> <span class='ocrx_word' id='word_1_103' title='bbox 1042 1835 1148 1899; x_wconf 88' lang='lat' dir='ltr'><strong>neque</strong></span> 
     </span>
     <span class='ocr_line' id='line_1_16' title="bbox 147 1918 1151 2004; baseline 0 -24"><span class='ocrx_word' id='word_1_104' title='bbox 147 1920 239 1982; x_wconf 81' lang='lat' dir='ltr'><strong>asine</strong></span> <span class='ocrx_word' id='word_1_105' title='bbox 263 1939 364 1982; x_wconf 88' lang='lat' dir='ltr'><strong>causa</strong></span> <span class='ocrx_word' id='word_1_106' title='bbox 386 1918 566 1982; x_wconf 89' lang='lat' dir='ltr'><strong>timendum</strong></span> <span class='ocrx_word' id='word_1_107' title='bbox 589 1928 731 2004; x_wconf 89' lang='lat' dir='ltr'><strong>putaret.</strong></span> <span class='ocrx_word' id='word_1_108' title='bbox 757 1918 855 1998; x_wconf 81' lang='lat' dir='ltr'><strong>Quod</strong></span> <span class='ocrx_word' id='word_1_109' title='bbox 878 1920 907 1983; x_wconf 92' lang='lat' dir='ltr'><strong>si</strong></span> <span class='ocrx_word' id='word_1_110' title='bbox 929 1920 1051 1983; x_wconf 88' lang='lat' dir='ltr'><strong>veteris</strong></span> <span class='ocrx_word' id='word_1_111' title='bbox 1075 1939 1151 1981; x_wconf 93' lang='lat' dir='ltr'><strong>con·</strong></span> 
     </span>
     <span class='ocr_line' id='line_1_17' title="bbox 170 2021 1149 2101; baseline -0.002 -16"><span class='ocrx_word' id='word_1_112' title='bbox 170 2021 324 2086; x_wconf 89' lang='lat' dir='ltr'><strong>tumeliae</strong></span> <span class='ocrx_word' id='word_1_113' title='bbox 348 2021 498 2086; x_wconf 86' lang='lat' dir='ltr'><strong>oblivisci</strong></span> <span class='ocrx_word' id='word_1_114' title='bbox 514 2022 622 2101; x_wconf 89' lang='lat' dir='ltr'><strong>vellet,</strong></span> <span class='ocrx_word' id='word_1_115' title='bbox 645 2045 722 2086; x_wconf 92' lang='lat' dir='ltr'><strong>num</strong></span> <span class='ocrx_word' id='word_1_116' title='bbox 746 2024 845 2086; x_wconf 89' lang='lat' dir='ltr'><strong>etiam</strong></span> <span class='ocrx_word' id='word_1_117' title='bbox 866 2023 1044 2086; x_wconf 88' lang='lat' dir='ltr'><strong>recentium</strong></span> <span class='ocrx_word' id='word_1_118' title='bbox 1068 2021 1149 2084; x_wconf 93' lang='lat' dir='ltr'><strong>iniu-</strong></span> 
     </span>
     <span class='ocr_line' id='line_1_18' title="bbox 171 2124 1150 2212; baseline -0.001 -24"><span class='ocrx_word' id='word_1_119' title='bbox 171 2126 302 2205; x_wconf 87' lang='lat' dir='ltr'><strong>riarum,</strong></span> <span class='ocrx_word' id='word_1_120' title='bbox 321 2125 410 2210; x_wconf 92' lang='lat' dir='ltr'><strong>quod</strong></span> <span class='ocrx_word' id='word_1_121' title='bbox 433 2148 471 2190; x_wconf 93' lang='lat' dir='ltr'><strong>eo</strong></span> <span class='ocrx_word' id='word_1_122' title='bbox 494 2128 597 2190; x_wconf 88' lang='lat' dir='ltr'><strong>invito</strong></span> <span class='ocrx_word' id='word_1_123' title='bbox 621 2128 682 2190; x_wconf 91' lang='lat' dir='ltr'><strong>iter</strong></span> <span class='ocrx_word' id='word_1_124' title='bbox 700 2148 759 2211; x_wconf 90' lang='lat' dir='ltr'><strong>per</strong></span> <span class='ocrx_word' id='word_1_125' title='bbox 775 2128 979 2212; x_wconf 87' lang='lat' dir='ltr'><strong>provinciam</strong></span> <span class='ocrx_word' id='word_1_126' title='bbox 1002 2147 1060 2209; x_wconf 90' lang='lat' dir='ltr'><strong>per</strong></span> <span class='ocrx_word' id='word_1_127' title='bbox 1081 2124 1150 2187; x_wconf 89' lang='lat' dir='ltr'><strong>vim</strong></span> 
     </span>
     <span class='ocr_line' id='line_1_19' title="bbox 171 2225 1152 2315; baseline -0.001 -25"><span class='ocrx_word' id='word_1_128' title='bbox 171 2237 395 2312; x_wconf 87' lang='lat' dir='ltr'><strong>temptassent,</strong></span> <span class='ocrx_word' id='word_1_129' title='bbox 405 2228 493 2315; x_wconf 91' lang='lat' dir='ltr'><strong>quod</strong></span> <span class='ocrx_word' id='word_1_130' title='bbox 503 2229 647 2306; x_wconf 88' lang='lat' dir='ltr'><strong>Aeduos,</strong></span> <span class='ocrx_word' id='word_1_131' title='bbox 663 2228 950 2315; x_wconf 87' lang='lat' dir='ltr'><strong>quodAmbarros,</strong></span> <span class='ocrx_word' id='word_1_132' title='bbox 968 2225 1152 2312; x_wconf 82' lang='lat' dir='ltr'><strong>quodAllo·</strong></span> 
     </span>
     <span class='ocr_line' id='line_1_20' title="bbox 148 2329 1151 2418; baseline -0.001 -21"><span class='ocrx_word' id='word_1_133' title='bbox 148 2332 292 2418; x_wconf 72' lang='lat' dir='ltr'><strong>abrogas</strong></span> <span class='ocrx_word' id='word_1_134' title='bbox 310 2343 498 2415; x_wconf 87' lang='lat' dir='ltr'><strong>vexassent,</strong></span> <span class='ocrx_word' id='word_1_135' title='bbox 517 2333 707 2398; x_wconf 91' lang='lat' dir='ltr'><strong>memoriam</strong></span> <span class='ocrx_word' id='word_1_136' title='bbox 723 2333 887 2418; x_wconf 88' lang='lat' dir='ltr'><strong>deponere</strong></span> <span class='ocrx_word' id='word_1_137' title='bbox 903 2329 1027 2417; x_wconf 85' lang='lat' dir='ltr'><strong>posse?</strong></span> <span class='ocrx_word' id='word_1_138' title='bbox 1051 2330 1151 2410; x_wconf 75' lang='lat' dir='ltr'><strong>Quod</strong></span> 
     </span>
     <span class='ocr_line' id='line_1_21' title="bbox 172 2434 1152 2520; baseline -0.003 -19"><span class='ocrx_word' id='word_1_139' title='bbox 172 2460 233 2502; x_wconf 89' lang='lat' dir='ltr'><strong>sua</strong></span> <span class='ocrx_word' id='word_1_140' title='bbox 265 2439 405 2502; x_wconf 89' lang='lat' dir='ltr'><strong>victoria</strong></span> <span class='ocrx_word' id='word_1_141' title='bbox 438 2447 506 2502; x_wconf 88' lang='lat' dir='ltr'><strong>tam</strong></span> <span class='ocrx_word' id='word_1_142' title='bbox 535 2436 714 2501; x_wconf 88' lang='lat' dir='ltr'><strong>insolenter</strong></span> <span class='ocrx_word' id='word_1_143' title='bbox 747 2435 965 2520; x_wconf 87' lang='lat' dir='ltr'><strong>gloriarentur</strong></span> <span class='ocrx_word' id='word_1_144' title='bbox 999 2434 1152 2520; x_wconf 91' lang='lat' dir='ltr'><strong>quodque</strong></span> 
     </span>
     <span class='ocr_line' id='line_1_22' title="bbox 170 2539 1151 2626; baseline -0.005 -22"><span class='ocrx_word' id='word_1_145' title='bbox 170 2549 238 2604; x_wconf 87' lang='lat' dir='ltr'><strong>tam</strong></span> <span class='ocrx_word' id='word_1_146' title='bbox 273 2541 329 2605; x_wconf 91' lang='lat' dir='ltr'><strong>diu</strong></span> <span class='ocrx_word' id='word_1_147' title='bbox 363 2564 398 2605; x_wconf 91' lang='lat' dir='ltr'><strong>se</strong></span> <span class='ocrx_word' id='word_1_148' title='bbox 420 2543 552 2626; x_wconf 93' lang='lat' dir='ltr'><strong>impune</strong></span> <span class='ocrx_word' id='word_1_149' title='bbox 585 2542 723 2605; x_wconf 89' lang='lat' dir='ltr'><strong>iniurias</strong></span> <span class='ocrx_word' id='word_1_150' title='bbox 753 2539 867 2605; x_wconf 88' lang='lat' dir='ltr'><strong>tulisse</strong></span> <span class='ocrx_word' id='word_1_151' title='bbox 901 2539 1151 2618; x_wconf 88' lang='lat' dir='ltr'><strong>admirarentur,</strong></span> 
     </span>
     <span class='ocr_line' id='line_1_23' title="bbox 150 2639 1153 2728; baseline -0.002 -22"><span class='ocrx_word' id='word_1_152' title='bbox 150 2642 287 2706; x_wconf 73' lang='lat' dir='ltr'><strong>seodem</strong></span> <span class='ocrx_word' id='word_1_153' title='bbox 310 2644 482 2728; x_wconf 88' lang='lat' dir='ltr'><strong>pertinere.</strong></span> <span class='ocrx_word' id='word_1_154' title='bbox 519 2640 704 2707; x_wconf 82' lang='lat' dir='ltr'><strong>Consuesse</strong></span> <span class='ocrx_word' id='word_1_155' title='bbox 727 2643 813 2706; x_wconf 91' lang='lat' dir='ltr'><strong>enim</strong></span> <span class='ocrx_word' id='word_1_156' title='bbox 836 2639 917 2705; x_wconf 90' lang='lat' dir='ltr'><strong>deos</strong></span> <span class='ocrx_word' id='word_1_157' title='bbox 939 2641 1153 2723; x_wconf 88' lang='lat' dir='ltr'><strong>immortales,</strong></span> 
     </span>
     <span class='ocr_line' id='line_1_24' title="bbox 172 2743 1154 2830; baseline -0.002 -21"><span class='ocrx_word' id='word_1_158' title='bbox 172 2767 235 2830; x_wconf 94' lang='lat' dir='ltr'><strong>quo</strong></span> <span class='ocrx_word' id='word_1_159' title='bbox 265 2748 397 2829; x_wconf 88' lang='lat' dir='ltr'><strong>gravius</strong></span> <span class='ocrx_word' id='word_1_160' title='bbox 420 2745 568 2810; x_wconf 90' lang='lat' dir='ltr'><strong>homines</strong></span> <span class='ocrx_word' id='word_1_161' title='bbox 599 2769 642 2810; x_wconf 84' lang='lat' dir='ltr'><strong>cx</strong></span> <span class='ocrx_word' id='word_1_162' title='bbox 672 2747 929 2810; x_wconf 88' lang='lat' dir='ltr'><strong>commutatione</strong></span> <span class='ocrx_word' id='word_1_163' title='bbox 956 2767 1064 2810; x_wconf 91' lang='lat' dir='ltr'><strong>rerum</strong></span> <span class='ocrx_word' id='word_1_164' title='bbox 1095 2743 1154 2808; x_wconf 91' lang='lat' dir='ltr'><strong>do·</strong></span> 
     </span>
     <span class='ocr_line' id='line_1_25' title="bbox 171 2847 1154 2934; baseline 0.001 -22"><span class='ocrx_word' id='word_1_165' title='bbox 171 2847 275 2932; x_wconf 88' lang='lat' dir='ltr'><strong>leant,</strong></span> <span class='ocrx_word' id='word_1_166' title='bbox 310 2871 392 2934; x_wconf 89' lang='lat' dir='ltr'><strong>quos</strong></span> <span class='ocrx_word' id='word_1_167' title='bbox 422 2871 481 2934; x_wconf 92' lang='lat' dir='ltr'><strong>pro</strong></span> <span class='ocrx_word' id='word_1_168' title='bbox 514 2849 636 2914; x_wconf 89' lang='lat' dir='ltr'><strong>scelere</strong></span> <span class='ocrx_word' id='word_1_169' title='bbox 664 2871 776 2914; x_wconf 91' lang='lat' dir='ltr'><strong>eorum</strong></span> <span class='ocrx_word' id='word_1_170' title='bbox 798 2849 914 2914; x_wconf 91' lang='lat' dir='ltr'><strong>ulcisci</strong></span> <span class='ocrx_word' id='word_1_171' title='bbox 949 2848 1065 2931; x_wconf 87' lang='lat' dir='ltr'><strong>velint,</strong></span> <span class='ocrx_word' id='word_1_172' title='bbox 1100 2848 1154 2913; x_wconf 94' lang='lat' dir='ltr'><strong>bis</strong></span> 
     </span>
     <span class='ocr_line' id='line_1_26' title="bbox 173 2951 1155 3036; baseline -0.003 -19"><span class='ocrx_word' id='word_1_173' title='bbox 173 2953 385 3018; x_wconf 86' lang='lat' dir='ltr'><strong>secundiores</strong></span> <span class='ocrx_word' id='word_1_174' title='bbox 415 2953 579 3017; x_wconf 87' lang='lat' dir='ltr'><strong>interdum</strong></span> <span class='ocrx_word' id='word_1_175' title='bbox 607 2975 659 3017; x_wconf 89' lang='lat' dir='ltr'><strong>res</strong></span> <span class='ocrx_word' id='word_1_176' title='bbox 688 2961 720 3017; x_wconf 88' lang='lat' dir='ltr'><strong>et</strong></span> <span class='ocrx_word' id='word_1_177' title='bbox 752 2952 985 3017; x_wconf 89' lang='lat' dir='ltr'><strong>diuturniorem</strong></span> <span class='ocrx_word' id='word_1_178' title='bbox 1015 2951 1155 3036; x_wconf 90' lang='lat' dir='ltr'><strong>impuni-</strong></span> 
     </span>
     <span class='ocr_line' id='line_1_27' title="bbox 151 3052 1155 3139; baseline -0.001 -19"><span class='ocrx_word' id='word_1_179' title='bbox 151 3065 273 3121; x_wconf 76' lang='lat' dir='ltr'><strong>etatem</strong></span> <span class='ocrx_word' id='word_1_180' title='bbox 289 3056 480 3121; x_wconf 89' lang='lat' dir='ltr'><strong>concedere.</strong></span> <span class='ocrx_word' id='word_1_181' title='bbox 504 3052 588 3121; x_wconf 80' lang='lat' dir='ltr'><strong>Cum</strong></span> <span class='ocrx_word' id='word_1_182' title='bbox 611 3077 651 3120; x_wconf 87' lang='lat' dir='ltr'><strong>ca</strong></span> <span class='ocrx_word' id='word_1_183' title='bbox 673 3057 721 3119; x_wconf 90' lang='lat' dir='ltr'><strong>ita</strong></span> <span class='ocrx_word' id='word_1_184' title='bbox 740 3057 814 3139; x_wconf 90' lang='lat' dir='ltr'><strong>sint,</strong></span> <span class='ocrx_word' id='word_1_185' title='bbox 832 3064 952 3138; x_wconf 86' lang='lat' dir='ltr'><strong>tamen,</strong></span> <span class='ocrx_word' id='word_1_186' title='bbox 977 3056 1004 3119; x_wconf 91' lang='lat' dir='ltr'><strong>si</strong></span> <span class='ocrx_word' id='word_1_187' title='bbox 1022 3053 1155 3119; x_wconf 90' lang='lat' dir='ltr'><strong>obsides</strong></span> 
     </span>
     <span class='ocr_line' id='line_1_28' title="bbox 173 3157 1156 3244; baseline -0.002 -21"><span class='ocrx_word' id='word_1_188' title='bbox 173 3158 216 3223; x_wconf 94' lang='lat' dir='ltr'><strong>ab</strong></span> <span class='ocrx_word' id='word_1_189' title='bbox 244 3161 285 3224; x_wconf 89' lang='lat' dir='ltr'><strong>iis</strong></span> <span class='ocrx_word' id='word_1_190' title='bbox 317 3159 379 3224; x_wconf 92' lang='lat' dir='ltr'><strong>sibi</strong></span> <span class='ocrx_word' id='word_1_191' title='bbox 409 3159 541 3242; x_wconf 88' lang='lat' dir='ltr'><strong>dentur,</strong></span> <span class='ocrx_word' id='word_1_192' title='bbox 570 3160 617 3223; x_wconf 89' lang='lat' dir='ltr'><strong>uti</strong></span> <span class='ocrx_word' id='word_1_193' title='bbox 641 3181 697 3240; x_wconf 89' lang='lat' dir='ltr'><strong>ea,</strong></span> <span class='ocrx_word' id='word_1_194' title='bbox 721 3181 806 3244; x_wconf 86' lang='lat' dir='ltr'><strong>quac</strong></span> <span class='ocrx_word' id='word_1_195' title='bbox 828 3157 1063 3243; x_wconf 88' lang='lat' dir='ltr'><strong>polliceantur,</strong></span> <span class='ocrx_word' id='word_1_196' title='bbox 1087 3158 1156 3222; x_wconf 89' lang='lat' dir='ltr'><strong>fac-</strong></span> 
     </span>
     <span class='ocr_line' id='line_1_29' title="bbox 173 3261 1156 3346; baseline -0.002 -18"><span class='ocrx_word' id='word_1_197' title='bbox 173 3273 264 3328; x_wconf 90' lang='lat' dir='ltr'><strong>turos</strong></span> <span class='ocrx_word' id='word_1_198' title='bbox 286 3261 466 3346; x_wconf 89' lang='lat' dir='ltr'><strong>intellegat,</strong></span> <span class='ocrx_word' id='word_1_199' title='bbox 491 3272 523 3327; x_wconf 87' lang='lat' dir='ltr'><strong>et</strong></span> <span class='ocrx_word' id='word_1_200' title='bbox 546 3263 574 3327; x_wconf 88' lang='lat' dir='ltr'><strong>si</strong></span> <span class='ocrx_word' id='word_1_201' title='bbox 592 3261 717 3326; x_wconf 82' lang='lat' dir='ltr'><strong>Aeduis</strong></span> <span class='ocrx_word' id='word_1_202' title='bbox 741 3262 782 3326; x_wconf 89' lang='lat' dir='ltr'><strong>de</strong></span> <span class='ocrx_word' id='word_1_203' title='bbox 805 3263 943 3344; x_wconf 89' lang='lat' dir='ltr'><strong>iniuriis,</strong></span> <span class='ocrx_word' id='word_1_204' title='bbox 968 3284 1050 3346; x_wconf 89' lang='lat' dir='ltr'><strong>quas</strong></span> <span class='ocrx_word' id='word_1_205' title='bbox 1073 3262 1156 3346; x_wconf 91' lang='lat' dir='ltr'><strong>ipsis</strong></span> 
     </span>
     <span class='ocr_line' id='line_1_30' title="bbox 174 3361 1156 3452; baseline -0.004 -21"><span class='ocrx_word' id='word_1_206' title='bbox 174 3367 337 3452; x_wconf 90' lang='lat' dir='ltr'><strong>sociisque</strong></span> <span class='ocrx_word' id='word_1_207' title='bbox 371 3388 483 3430; x_wconf 89' lang='lat' dir='ltr'><strong>eornm</strong></span> <span class='ocrx_word' id='word_1_208' title='bbox 520 3364 708 3448; x_wconf 90' lang='lat' dir='ltr'><strong>intulerint,</strong></span> <span class='ocrx_word' id='word_1_209' title='bbox 746 3367 823 3429; x_wconf 88' lang='lat' dir='ltr'><strong>item</strong></span> <span class='ocrx_word' id='word_1_210' title='bbox 859 3366 886 3428; x_wconf 92' lang='lat' dir='ltr'><strong>si</strong></span> <span class='ocrx_word' id='word_1_211' title='bbox 920 3361 1156 3448; x_wconf 87' lang='lat' dir='ltr'><strong>Allobrogibus</strong></span> 
     </span>
     <span class='ocr_line' id='line_1_31' title="bbox 175 3468 1156 3553; baseline -0.002 -21"><span class='ocrx_word' id='word_1_212' title='bbox 175 3469 402 3552; x_wconf 77' lang='lat' dir='ltr'><strong>satisfaciant,</strong></span> <span class='ocrx_word' id='word_1_213' title='bbox 436 3491 508 3533; x_wconf 87' lang='lat' dir='ltr'><strong>sese</strong></span> <span class='ocrx_word' id='word_1_214' title='bbox 541 3491 614 3535; x_wconf 93' lang='lat' dir='ltr'><strong>cum</strong></span> <span class='ocrx_word' id='word_1_215' title='bbox 650 3471 690 3534; x_wconf 89' lang='lat' dir='ltr'><strong>iis</strong></span> <span class='ocrx_word' id='word_1_216' title='bbox 724 3490 841 3553; x_wconf 91' lang='lat' dir='ltr'><strong>pacem</strong></span> <span class='ocrx_word' id='word_1_217' title='bbox 874 3490 947 3532; x_wconf 89' lang='lat' dir='ltr'><strong>esse</strong></span> <span class='ocrx_word' id='word_1_218' title='bbox 979 3468 1156 3532; x_wconf 86' lang='lat' dir='ltr'><strong>facturum.</strong></span> 
     </span>
     <span class='ocr_line' id='line_1_32' title="bbox 153 3568 1157 3658; baseline 0 -22"><span class='ocrx_word' id='word_1_219' title='bbox 153 3573 293 3637; x_wconf 72' lang='lat' dir='ltr'><strong>rDivico</strong></span> <span class='ocrx_word' id='word_1_220' title='bbox 321 3571 510 3658; x_wconf 87' lang='lat' dir='ltr'><strong>respondit:</strong></span> <span class='ocrx_word' id='word_1_221' title='bbox 544 3572 597 3636; x_wconf 90' lang='lat' dir='ltr'><strong>Ita</strong></span> <span class='ocrx_word' id='word_1_222' title='bbox 626 3571 796 3637; x_wconf 90' lang='lat' dir='ltr'><strong>Helvetios</strong></span> <span class='ocrx_word' id='word_1_223' title='bbox 823 3595 844 3637; x_wconf 88' lang='lat' dir='ltr'><strong>a</strong></span> <span class='ocrx_word' id='word_1_224' title='bbox 872 3568 1052 3636; x_wconf 89' lang='lat' dir='ltr'><strong>maioribus</strong></span> <span class='ocrx_word' id='word_1_225' title='bbox 1087 3572 1157 3636; x_wconf 91' lang='lat' dir='ltr'><strong>suis</strong></span> 
     </span>
    </p>
   </div>
   <div class='ocr_carea' id='block_1_3' title="bbox 0 0 1236 4028">
    <p class='ocr_par' dir='ltr' id='par_1_5' title="bbox 0 0 1236 4028">
     <span class='ocr_line' id='line_1_33' title="bbox 0 0 1236 4028; baseline 0 0"><span class='ocrx_word' id='word_1_226' title='bbox 0 0 1236 4028; x_wconf 95' lang='lat' dir='ltr'><strong> </strong></span> 
     </span>
    </p>
   </div>
  </div>
 </body>
</html>
