2430 4028
131 243 192 306 158
438 246 488 294 DE
507 245 626 295 BELLO
646 245 805 296 GALLIO-0

106 437 279 500 2itinerum
312 446 483 500 noverunt.
519 436 632 501 Oritur
655 436 697 500 ab
727 437 954 503 Helvetiorum
981 447 1017 503 et
1046 439 1109 503 Ne-

127 549 249 604 metum
286 548 319 603 ct
355 539 581 604 Rauracorum
617 538 737 604 finibus
774 550 929 628 rectaque
965 542 1110 608 fluminis

127 642 272 707 Danubii
295 646 428 728 regione
449 646 591 730 pertinet
607 643 651 710 ad
672 645 754 709 fines
771 645 940 714 Dacorum
954 656 989 712 et
1005 647 1111 714 Anar-

106 747 225 828 stium,
246 746 323 812 binc
347 771 382 812 se
404 748 507 813 flectit
530 749 736 813 sinistrorsus
752 748 891 814 diversis
913 748 956 814 ab
975 750 1110 816 flumine

127 849 315 934 regionibus
327 851 568 937 multarumque
583 853 729 935 gentium
744 852 827 917 fines
838 863 974 938 propter
984 857 1109 938 magni·

104 953 272 1019 etudinem
305 956 452 1038 attingit3
487 977 592 1040 neque
615 955 788 1041 quisquam
821 965 873 1020 est
903 955 1003 1021 buius
1025 956 1109 1022 Ger·

126 1059 266 1140 maniae,
296 1059 351 1144 qui
386 1081 420 1122 se
449 1066 507 1122 aut
533 1057 644 1122 adisse
672 1059 716 1123 ad
746 1060 874 1124 initium
903 1061 973 1124 eius
1005 1057 1109 1125 silvae

127 1162 226 1244 dicat,
249 1183 325 1226 cum
348 1162 475 1228 dierum
497 1164 558 1226 iter
580 1181 627 1225 Lx
649 1164 860 1248 processerit,
884 1172 952 1245 aut,
975 1186 1042 1249 quo
1067 1187 1108 1229 ex

105 1266 200 1331 sloco
233 1267 366 1348 oriatur,
387 1269 567 1350 acceperit3
597 1265 765 1353 multaque
793 1268 827 1330 in
854 1289 895 1331 ea
916 1287 1041 1349 genera
1063 1268 1107 1332 fe

127 1392 236 1433 rarum
258 1373 350 1434 nasci
374 1378 514 1451 constat,
532 1391 616 1455 quae
638 1369 774 1454 reliquis
796 1371 830 1434 in
851 1368 936 1434 locis
950 1373 1026 1437 visa
1043 1395 1107 1437 non

127 1475 208 1553 sint,
236 1496 279 1536 ex
301 1472 419 1558 quibus
448 1494 532 1558 quae
561 1473 703 1536 maxime
733 1473 886 1538 differant
911 1472 954 1538 ab
989 1478 1107 1541 ceteris

127 1586 159 1640 et
181 1579 356 1642 memoriae
379 1576 549 1663 prodenda
571 1574 753 1658 videantur,
777 1576 861 1641 haec
884 1586 970 1642 sunt

212 1678 265 1743 26.
286 1680 348 1744 Est
376 1679 437 1744 bos
460 1681 546 1745 cervi
569 1680 685 1764 figura,
708 1681 801 1745 cuius
824 1703 846 1745 a
866 1681 977 1746 media
999 1683 1107 1749 fronte

126 1786 210 1849 inter
233 1806 329 1849 aures
352 1806 453 1847 unum
485 1805 588 1848 cornu
615 1784 728 1847 existit
749 1785 914 1849 excelsius
936 1788 1106 1873 magisque

104 1887 285 1953 adirectum
316 1887 384 1965 his,
418 1909 503 1972 quae
526 1885 621 1951 nobis
644 1894 725 1950 nota
748 1895 832 1967 sunt,
855 1885 1032 1972 cornibus3
1064 1889 1105 1954 ab

125 1993 194 2055 eius
218 2013 346 2056 summo
370 1993 456 2055 sicut
470 1989 599 2075 palmae
621 1989 768 2075 ramique
790 1989 856 2054 late
871 1988 1106 2058 diffunduntur.

103 2094 253 2158 sEadem
275 2104 325 2159 est
348 2094 487 2158 feminae
509 2093 672 2177 marisque
695 2101 829 2174 natura,
859 2092 977 2158 eadem
999 2095 1106 2161 forma

125 2198 381 2283 magnitudoque
404 2219 572 2262 cornuum.

210 2300 261 2364 27.
286 2301 369 2366 Sunt
390 2303 478 2383 item,
502 2322 585 2386 quae
609 2299 818 2385 appellantur
840 2299 940 2366 alces.
977 2301 1106 2367 Harum

125 2415 176 2470 est
198 2404 377 2471 consimilis
400 2407 511 2490 capris
529 2405 635 2488 figura
657 2414 690 2470 et
711 2405 857 2469 varietas
875 2402 1024 2490 pellium,
1048 2404 1106 2471 sed

124 2509 350 2593 magnitudine
372 2509 472 2595 paulo
495 2508 694 2572 antecedunt
716 2507 915 2593 mutilaeque
937 2519 1018 2575 sunt
1037 2531 1106 2575 cor

102 2613 221 2676 auibus
233 2621 266 2677 et
287 2634 384 2676 crura
407 2614 477 2677 sine
492 2612 590 2677 nodis
606 2610 817 2697 articulisque
842 2609 976 2694 habent,
1000 2633 1105 2698 neque

125 2718 241 2802 quietis
269 2738 371 2780 causa
398 2715 617 2802 procumbunt
649 2736 771 2800 neque,
807 2717 835 2778 si
865 2736 930 2799 quo
962 2713 1105 2780 afflictae

124 2842 204 2884 casu
233 2819 458 2901 conciderunt,
487 2821 613 2902 erigere
641 2840 713 2882 sese
742 2828 799 2882 aut
821 2817 997 2882 sublevare
1029 2841 1105 2904 pos·

103 2931 210 2987 esunt.
258 2922 319 2986 His
349 2933 425 2987 sunt
457 2922 593 2987 arbores
621 2943 680 3006 pro
710 2919 888 2986 cubilibus:
921 2919 1049 2987 adeas
1071 2944 1105 2986 se

125 3025 295 3110 applicant
305 3034 404 3111 atque
417 3027 463 3089 ita
474 3024 610 3111 paulum
624 3025 758 3089 modum
770 3024 951 3089 reclinatae
962 3026 1106 3109 quietem

101 3131 269 3213 acapiunt.
285 3127 432 3208 Quarum
448 3153 491 3194 ex
507 3129 655 3210 vestigiis
671 3151 746 3192 cum
768 3137 819 3192 est
839 3127 1104 3195 animadversum

124 3254 145 3295 a
167 3232 395 3313 venatoribus,
418 3232 487 3317 squo
518 3255 553 3296 se
575 3234 721 3316 recipere
751 3233 959 3311 consuerint,
992 3254 1104 3298 ornnes

124 3358 162 3400 eo
185 3335 260 3400 loco
283 3346 341 3400 aut
364 3334 407 3400 ab
430 3335 597 3400 radicibus
620 3334 781 3399 subruunt
802 3342 860 3398 aut
875 3333 1033 3401 accidunt
1053 3357 1102 3400 ar·

122 3437 235 3521 bores,
265 3448 391 3503 tanturn
424 3448 461 3502 ut
489 3460 616 3503 summa
646 3440 774 3524 species
806 3458 919 3502 earum
948 3441 1103 3504 stantium

101 3542 335 3628 stelinquatur.
359 3541 435 3606 Huc
451 3563 526 3607 cum
549 3564 584 3607 se
599 3540 835 3607 consuetudine
849 3538 1103 3625 reclinaverunt,
