2430 4028
180 251 222 316 52
482 253 532 301 DE
550 252 671 302 BELLO
693 252 852 305 GALLICO

180 439 304 522 herent,
328 462 392 525 quo
415 462 482 505 non
504 441 602 506 modo
625 464 692 506 non
714 444 845 526 intrari,
870 442 992 509 sedne
1015 445 1164 531 perspici

158 544 312 630 squidem
335 553 457 631 posset.
495 544 557 609 His
590 544 688 611 rebus
711 567 784 611 cum
807 546 869 611 iter
890 547 1032 632 agminis
1055 549 1164 614 nostri

180 647 406 733 impediretur,
436 669 503 712 non
527 649 742 715 omittendum
769 649 832 715 sibi
851 650 1024 718 consilium
1046 650 1164 716 Nervii

180 750 461 817 existimaverunt.

269 855 318 919 18.
342 856 425 920 Loci
448 866 568 921 natura
590 866 662 922 erat
683 856 776 938 haec,
799 879 895 943 quem
917 857 1027 924 locum
1055 859 1164 924 nostri

181 961 298 1024 castris
323 958 522 1043 delegerant.
553 958 655 1025 Collis
680 960 721 1025 ab
747 983 872 1026 summo
898 960 1083 1047 aequaliter
1109 962 1163 1028 de·

180 1063 274 1127 clivis
298 1062 341 1127 ad
363 1062 482 1128 flumen
506 1062 635 1146 Sabim,
666 1065 754 1150 quod
785 1086 884 1150 supra
906 1064 1161 1143 nominavimus,

158 1165 346 1250 avergebat.
381 1166 433 1231 Ab
458 1189 495 1231 eo
519 1167 653 1232 flumine
674 1170 748 1254 pari
772 1167 961 1234 acclivitate
984 1168 1080 1234 collis
1105 1192 1163 1234 na·

181 1270 336 1338 scebatur
352 1271 510 1337 adversus
526 1272 602 1337 huic
618 1281 651 1336 et
668 1275 861 1356 contrarius,
886 1296 1005 1358 passus
1029 1273 1163 1339 circiter

180 1374 339 1441 ducentos
361 1375 492 1441 infimus
515 1385 665 1461 apertus,
689 1375 732 1441 ab
757 1379 925 1463 superiore
947 1386 1042 1464 parte
1066 1376 1162 1442 silve·

158 1481 266 1562 astris,
290 1487 415 1544 utnon
438 1479 536 1543 facile
560 1482 720 1544 introrsus
744 1481 887 1565 perspici
910 1487 1032 1565 posset.
1067 1479 1163 1544 Intra

180 1605 238 1648 eas
269 1582 369 1647 silvas
399 1583 511 1648 hostes
542 1583 576 1647 in
606 1582 735 1648 occulto
766 1606 838 1648 sese
868 1581 1101 1666 continebant3
1131 1584 1162 1647 in
1203 1574 1205 1616 ³

180 1695 293 1773 aperto
317 1685 390 1751 loco
416 1686 594 1752 secundum
615 1686 735 1751 flumen
752 1708 880 1771 paucae
896 1687 1057 1751 stationes
1073 1688 1163 1772 equi-

179 1800 249 1857 tum
270 1790 477 1857 videbantur.
515 1791 676 1857 Fluminis
700 1801 770 1857 erat
792 1791 931 1856 altitudo
955 1791 1079 1875 pedum
1103 1793 1163 1857 cir·

180 1897 261 1961 citer
283 1897 391 1960 trium.
505 1905 507 1910 '

268 1997 317 2061 19.
348 1998 471 2065 Caesar
501 1999 650 2084 equitatu
683 2000 864 2085 praemisso
896 1996 1163 2084 subsequebatur

180 2101 331 2167 omnibus
355 2102 477 2187 copiis3
501 2100 559 2165 sed
582 2103 667 2166 ratio
686 2101 831 2186 ordoque
851 2103 990 2184 agminis
1007 2100 1107 2167 aliter
1129 2124 1162 2167 se

158 2203 342 2287 2habebat,
378 2227 417 2269 ac
439 2204 563 2288 Belgae
591 2204 634 2269 ad
661 2205 800 2269 Nervios
836 2204 1029 2269 detulerant.
1075 2205 1161 2270 Nam

179 2307 268 2394 quod
293 2307 335 2373 ad
358 2306 471 2373 hostes
502 2306 807 2393 appropinquabat,
838 2307 1077 2373 consuetudine
1101 2330 1162 2373 sua

180 2410 304 2476 Caesar
327 2433 387 2476 sex
416 2410 562 2495 legiones
592 2410 766 2496 expeditas
805 2410 964 2494 ducebat;
999 2419 1076 2495 post
1106 2434 1161 2477 eas

158 2517 280 2580 ³totius
304 2517 469 2580 exercitus
493 2514 727 2599 impedimenta
751 2515 933 2580 collocarat
941 2533 950 2595 ;
973 2513 1050 2579 inde
1074 2514 1160 2580 duae

179 2616 340 2704 legiones,
373 2640 456 2704 quae
484 2621 635 2705 proximo
667 2622 875 2704 conscriptae
910 2627 1018 2700 erant,
1054 2626 1161 2684 totum

181 2742 298 2805 agmen
322 2720 521 2786 claudebant
543 2723 774 2808 praesidioque
790 2721 1032 2807 impedimentis
1056 2730 1161 2786 erant.

157 2825 318 2911 *Equites
331 2828 434 2891 nostri
451 2849 525 2891 oum
544 2826 767 2892 funditoribus
780 2827 1025 2911 sagittariisque
1041 2823 1161 2891 flumen

178 2933 378 3012 transgressi
400 2952 476 2995 cum
497 2930 642 2995 hostium
664 2932 812 3014 equitatu
840 2929 1002 3015 proelium
1024 2931 1160 2993 commi·

157 3042 302 3098 ⁵serunt.
348 3032 431 3098 Cum
467 3057 502 3100 se
536 3033 582 3099 illi
605 3032 784 3097 identidem
816 3035 850 3097 in
880 3033 980 3100 silvas
1009 3031 1054 3096 ad
1084 3054 1161 3098 suos

179 3140 363 3222 reciperent
393 3159 432 3203 ac
466 3159 580 3202 rursus
610 3159 653 3200 ex
677 3135 759 3200 silva
782 3140 815 3202 in
845 3147 976 3201 nostros
1004 3137 1162 3220 impetum

179 3240 347 3324 facerent,
385 3264 490 3326 neque
526 3242 629 3306 nostri
665 3239 817 3324 longius,
852 3262 950 3326 quam
984 3260 1082 3325 quem
1121 3236 1163 3305 ad

179 3343 277 3409 finem
307 3354 460 3428 porrecta
488 3344 562 3408 loca
594 3353 710 3428 aperta
743 3341 967 3428 pertinebant,
1005 3342 1162 3408 cedentes

179 3450 306 3536 insequi
332 3448 499 3525 auderent,
519 3448 649 3512 interim
673 3446 817 3532 legiones
840 3468 911 3528 sex,
928 3467 1012 3532 quae
1035 3446 1162 3531 primae

179 3559 351 3632 venerant,
381 3571 479 3635 opere
508 3549 655 3615 dimenso
680 3559 791 3614 castra
821 3549 947 3614 munire
970 3557 1161 3634 coeperunt
