2430 4028
137 248 200 313 134
440 251 490 300 on
512 249 633 301 annno
653 249 812 302 eunuco

101 467 126 506 10
135 437 341 524 vinculisque
365 442 623 504 excruciaverat.
648 440 693 504 Hi
716 443 782 505 iam
798 449 875 505 ante
898 440 1020 526 edocti,
1038 465 1119 529 quae

135 545 327 626 interrogati
344 544 603 629 pronuntiarent,
619 543 739 609 milites
762 565 797 609 se
820 566 894 609 esse
916 545 1118 631 legionarios

136 647 264 727 dicunt,
299 647 386 711 fame
416 655 449 710 et
476 649 589 732 inopia
617 646 779 712 adductos
814 646 901 714 clam
929 671 974 714 ex
1003 653 1121 717 castris

136 753 256 829 exisse,
280 751 307 814 si
325 749 405 834 quid
427 751 582 815 frumenti
598 759 656 814 aut
670 752 800 836 pecoris
823 753 856 816 in
871 754 960 836 agris
976 756 1121 839 reperire

102 863 286 940 npossent3
311 853 406 918 simili
432 877 559 919 omnem
583 855 765 920 exercitum
786 855 900 942 inopia
921 858 1038 942 premi,
1061 880 1120 923 nec

134 961 201 1022 iam
228 960 314 1022 vires
338 957 488 1022 sufficere
518 960 711 1043 cuiusquam
740 980 802 1023 nee
824 960 909 1025 ferre
939 963 1053 1047 operis
1075 961 1119 1027 la·

134 1063 249 1128 berem
272 1084 386 1146 posse3
409 1065 520 1148 itaque
544 1063 699 1128 statuisse
721 1064 963 1147 imperatorem,
989 1066 1016 1129 si
1041 1065 1120 1131 nibil

134 1171 168 1232 in
193 1165 438 1250 oppugnatione
473 1165 585 1250 oppidi
620 1165 852 1248 profecissent,
886 1165 996 1231 triduo
1028 1189 1119 1232 exer·

101 1294 125 1335 n
135 1273 236 1336 citum
253 1267 425 1334 deducere.
444 1264 573 1352 ‘Haec’,
589 1270 705 1354 inquit,
719 1262 755 1333 ‘a
770 1265 841 1352 me',
857 1267 1117 1355 Vercingetorix,

129 1350 307 1439 ‘beneficia
321 1372 571 1460 habetis,'quem
583 1372 779 1459 proditionis
793 1373 1014 1459 insimulatis3
1030 1375 1120 1440 cuius

136 1501 236 1564 opera
261 1479 331 1542 sinc
354 1485 464 1541 vestro
488 1478 646 1560 sanguine
670 1484 797 1542 tantum
821 1479 1005 1544 exercitum
1018 1478 1118 1544 victo·

133 1605 200 1646 rem
224 1582 310 1645 fame
333 1589 563 1667 consumptum
580 1580 717 1662 videtis3
741 1602 838 1666 quem
860 1582 1003 1666 turpiter
1017 1604 1055 1647 se
1077 1605 1118 1647 ex

132 1686 213 1770 fuga
227 1687 440 1769 recipientem
463 1707 504 1748 ne
520 1706 585 1769 qua
608 1685 725 1748 civitas
750 1685 816 1749 suis
832 1682 954 1751 finibus
969 1686 1119 1772 recipiat,

135 1814 155 1855 a
177 1812 229 1855 me
252 1790 423 1874 provisum
447 1782 517 1852 est'.

222 1892 274 1956 21.
298 1890 493 1956 Conclamat
527 1892 632 1954 omnis
665 1889 840 1955 multitudo
875 1900 909 1954 et
942 1914 1003 1957 suo
1033 1914 1121 1957 mere

136 1999 235 2060 armis
253 2003 440 2078 concrepat,
457 1993 544 2079 quod
567 1994 677 2059 facere
692 1994 726 2058 in
743 2016 782 2058 eo
801 2003 1013 2074 consuerunt,
1030 1997 1121 2060 cuius

136 2103 317 2165 orationem
332 2098 533 2184 approbant:
552 2120 711 2163 summum
729 2121 801 2163 esse
815 2099 1120 2184 Vercingetorigem

136 2205 270 2284 ducem,
305 2224 365 2267 nec
400 2202 440 2266 de
469 2205 539 2267 eius
562 2201 627 2266 lide
657 2201 883 2278 dubitandum,
915 2223 978 2266 nec
1000 2205 1121 2268 maiore

114 2309 263 2372 aratione
286 2306 409 2371 bellum
433 2305 656 2370 administrari
680 2328 788 2390 posse.
835 2305 1011 2390 Statuunt,
1042 2315 1120 2371 utx

135 2410 228 2476 milia
249 2410 417 2475 bominum
441 2409 568 2497 delecta
597 2432 640 2473 ex
664 2410 815 2475 omnibus
844 2410 951 2495 copiis
973 2410 1009 2475 in
1032 2408 1121 2495 oppi-

113 2517 213 2580 edum
247 2517 437 2594 mittantur,
471 2535 531 2577 nec
566 2512 645 2578 solis
678 2513 879 2598 Biturigibus
912 2534 1121 2579 communem

136 2618 273 2682 salutem
298 2615 566 2682 committendam
596 2626 742 2692 censent,
772 2617 861 2702 quod
884 2638 990 2701 paene
1013 2638 1065 2699 ee,
1095 2616 1121 2680 si

135 2720 169 2784 id
193 2720 349 2804 oppidum
371 2721 594 2801 retinuissent,
611 2742 771 2784 summam
787 2719 947 2785 victoriae
970 2728 1121 2786 constare

135 2823 382 2907 intellegebant.

221 2924 272 2987 22.
298 2925 464 3009 Singulari
486 2924 626 2989 militum
642 2933 830 2990 nostrorum
853 2926 966 2991 virtuti
983 2925 1118 2992 consilia

136 3028 398 3114 cuiusquemodi
417 3028 586 3093 Gallorum
606 3028 834 3113 occurrebant,
849 3038 887 3094 ut
908 3038 960 3093 est
974 3051 1120 3096 summae
1162 3064 1164 3069 ·

135 3155 237 3215 genus
269 3131 433 3198 sollertiae
465 3141 564 3217 atque
593 3131 635 3195 ad
667 3135 778 3198 omnia
807 3132 969 3198 imitanda
991 3143 1026 3198 et
1059 3131 1122 3199 effi·

114 3236 263 3318 scienda,
281 3258 365 3320 quae
390 3233 432 3300 ab
449 3256 578 3320 quoque
593 3234 778 3319 traduntur,
794 3238 1016 3322 aptissimum.
1035 3236 1120 3303 Nam

136 3350 169 3404 et
191 3340 318 3425 laqueis
334 3339 436 3404 falces
452 3338 656 3420 avertebant,
676 3361 759 3424 quas
775 3361 850 3404 cum
866 3340 1119 3407 destinaverant

137 3444 310 3510 tormentis
326 3445 486 3508 introrsus
502 3440 714 3526 reducebant,
738 3452 772 3508 et
794 3465 947 3528 aggerem
963 3440 1121 3509 cuniculis

136 3546 385 3625 subtrahebant,
418 3569 457 3611 eo
483 3546 648 3628 scientius,
673 3545 762 3630 quod
786 3544 874 3631 apud
902 3568 959 3612 eos
982 3566 1121 3630 magnae
