2430 4028
388 257 498 307 runnu
516 256 574 319 vn,
600 254 677 308 cnr.
697 256 807 306 oa-os.
1024 256 1084 320 211

104 449 176 531 spei
206 447 433 512 adulescentes
457 446 666 533 Eporedorix
694 454 727 509 et
749 445 977 511 Viridomarus
1007 447 1086 511 Ver-

105 551 304 635 cingetorigi
325 555 453 636 parent.

192 651 243 718 64.
281 656 354 739 lpse
387 655 528 739 imperat
561 653 695 738 reliquis
729 652 919 716 civitatibus
955 649 1086 716 obsides

104 756 313 844 dedendique
329 760 496 823 constitnit
521 756 621 839 diem3
647 757 690 821 ad
713 756 799 820 hunc
817 778 928 821 omnes
952 758 1087 840 equites,

105 861 293 946 quindecim
324 860 415 925 milia
437 883 588 942 numero,
619 859 766 924 celeriter
789 861 964 925 convenire
988 859 1087 924 iubet.

105 963 277 1044 peditatu,
312 986 407 1050 quem
432 974 530 1028 antea
552 963 721 1041 habuerat,
749 986 784 1028 se
807 964 876 1028 fore
900 974 1110 1029 contentuma

104 1068 195 1145 dicit,
212 1089 317 1153 neque
335 1069 500 1133 fortunam
523 1077 755 1152 temptaturum
773 1076 830 1130 aut
852 1069 885 1131 in
908 1071 979 1132 acie
997 1068 1087 1133 dimi-

105 1180 277 1254 caturum,
301 1171 375 1253 sed,
400 1173 552 1256 quoniam
576 1170 721 1236 abundet
744 1173 907 1255 equitatu,
930 1172 1087 1257 perfacile

105 1296 180 1340 esse
211 1276 303 1339 factu
332 1274 640 1339 frumentationibus
672 1272 1004 1360 pabulationibusque
1024 1275 1087 1339 Ro·

102 1399 223 1442 manos
247 1376 435 1463 prohibere3
464 1397 568 1461 aequo
592 1375 690 1440 modo
714 1378 822 1440 animo
848 1399 906 1440 sua
934 1379 997 1460 ipsi
1020 1380 1109 1442 {ru-r

102 1489 216 1545 menta
245 1488 457 1564 corrumpant
486 1478 700 1563 aedificiaque
729 1478 922 1559 incendant,
954 1502 1017 1564 qua
1040 1483 1109 1545 reis

104 1583 280 1660 familiaris
298 1584 424 1646 iactura
441 1592 633 1666 perpetuum
648 1583 821 1666 imperium
838 1581 1087 1669 libertatemque

105 1708 142 1751 se
165 1689 322 1772 consequi
351 1686 494 1750 videant.
540 1686 603 1749 His
627 1687 812 1750 constitutis
842 1684 938 1749 rebus
963 1685 1111 1752 Aeduiss

106 1787 380 1876 Segusiavisque,
411 1791 464 1874 qui
489 1799 565 1854 sunt
578 1790 712 1853 finitimi
742 1789 948 1873 provinciae,
975 1791 1088 1855 decem

104 1893 200 1959 milia
214 1892 360 1980 peditum
377 1895 532 1978 imperat3
548 1893 612 1957 huc
628 1893 722 1957 addit
733 1896 856 1977 equites
871 1895 1086 1978 octingentos.

103 1998 169 2062 His
195 1997 344 2082 praeficit
364 1998 498 2062 fratrem
514 1996 748 2081 Eporedorigis
773 1996 958 2083 bellumque
976 1998 1087 2062 inferri

105 2098 344 2185 Allobrogibus
367 2099 467 2166 iubet.
490 2099 605 2165 Altera
627 2123 668 2164 ex
692 2109 785 2182 parte
803 2098 952 2164 Gabalos
977 2104 1110 2185 proxi-o

104 2224 243 2288 mosque
269 2224 371 2288 pagos
387 2202 609 2269 Arvernorum
626 2205 658 2267 in
676 2202 823 2285 Helvios,
847 2205 925 2267 item
942 2203 1087 2268 Rutenos

105 2306 344 2391 Cadurcosque
360 2306 404 2371 ad
419 2306 500 2371 fines
512 2306 692 2371 Volcarum
706 2306 972 2371 Arecomicorum
990 2307 1088 2394 depo-

103 2409 270 2496 pulandos
294 2409 402 2473 mittit.
448 2408 558 2473 Nihilo
588 2410 695 2473 minus
724 2408 938 2474 clandestinis
966 2411 1110 2475 nuntiisr

103 2512 393 2598 legationibusque
405 2511 603 2594 Allobrogas
621 2511 785 2593 sollicitat,
810 2534 947 2598 quorum
962 2523 1088 2578 mentes

103 2617 253 2682 nondum
266 2614 308 2681 ab
322 2617 488 2701 superiore
500 2614 586 2680 bello
603 2615 762 2680 resedisse
779 2615 944 2702 sperabat.
961 2616 1110 2681 Horums

104 2717 312 2805 principibus
336 2721 503 2803 pecunias,
527 2719 655 2783 civitati
671 2728 779 2783 autem
795 2722 965 2804 imperium
987 2722 1087 2784 totius

105 2823 300 2908 provinciae
327 2822 523 2907 pollicetur„

194 2923 245 2989 65.
269 2925 320 2989 Ad
338 2925 397 2991 hos
415 2948 528 2991 omnes
545 2948 644 2990 casus
668 2927 800 3010 provisa
817 2935 909 2990 erant
925 2925 1088 3011 praesidia

105 3027 294 3094 cohortium
310 3027 448 3093 duarum
465 3039 497 3093 et
512 3031 638 3114 viginti,
663 3051 747 3114 quae
771 3052 813 3093 ex
829 3030 902 3115 ipsa
917 3030 1089 3115 provincia

105 3132 150 3198 ab
172 3132 278 3197 Lucio
300 3128 444 3196 Caesare
467 3132 576 3216 legato
607 3131 649 3195 ad
673 3154 784 3196 omnes
807 3140 917 3218 partes
946 3153 1088 3218 oppone·

106 3235 237 3301 bantur.
263 3233 372 3298 Helvii
397 3258 456 3298 sua
472 3244 590 3320 sponte
613 3257 688 3299 cum
702 3235 848 3299 finitimis
872 3235 994 3320 proelio
1012 3257 1109 3301 con-s

104 3340 211 3423 gressi
242 3336 406 3422 pelluntur
439 3349 470 3402 et
502 3339 586 3403 Gaio
610 3337 742 3402 Valerio
768 3338 1001 3423 Donnotauro,
1026 3339 1087 3405 Oa-

105 3441 180 3507 buri
210 3440 295 3524 filio,
326 3443 474 3527 principe
501 3442 660 3515 civitatis,
687 3439 981 3526 compluribusque
1015 3442 1088 3507 aliis

106 3544 291 3611 interfectis
306 3545 391 3608 intra
409 3543 531 3629 oppida
546 3565 585 3608 ac
601 3565 712 3608 muros
728 3543 975 3630 compelluntur.
1000 3544 1109 3610 Allo-s

879 3663 933 3712 14*
