2430 4028
130 260 193 324 208
434 261 483 309 DE
502 259 622 310 BELLO
644 260 803 311 GALLICO

129 451 191 516 sibi
226 449 422 536 capiendum
451 448 644 531 consilium,
681 459 780 536 atque
815 460 914 515 antea
948 460 1108 529 senserat,

130 553 341 635 intellegebat
369 575 475 638 neque
498 555 573 634 iam,
603 570 639 616 ut
661 553 786 639 aliquid
809 556 995 640 acquireret
1017 577 1110 641 proe-

129 659 237 741 lioque
253 657 365 721 hostes
389 656 574 741 lacesseret,
592 658 650 723 sed
669 668 704 722 ut
726 658 912 725 incolumen
927 661 1110 725 exercitum

108 790 118 826 t
131 762 335 847 Agedincum
357 761 537 837 reduceret,
561 760 739 845 cogitabat.
768 762 918 849 Namque
939 761 1049 827 altera
1070 786 1110 828 ex

131 876 221 949 parte
243 865 430 943 Bellovaci,
465 888 548 951 quae
577 868 693 930 civitas
724 868 757 931 in
786 864 899 930 Gallia
928 867 1110 931 maximam

127 970 226 1034 habet
250 971 437 1055 opinionem
460 971 598 1045 virtutis,
628 968 805 1052 instabant,
829 969 967 1034 alteram
991 968 1110 1035 Camu-

128 1073 263 1157 logenus
280 1083 395 1158 parato
413 1084 510 1158 atque
526 1075 685 1137 instructo
703 1074 850 1137 exercitu
866 1071 1019 1154 tenebat,
1042 1084 1110 1137 tum

126 1179 271 1263 legiones
296 1199 316 1239 a
339 1177 502 1261 praesidio
528 1186 625 1261 atque
650 1175 890 1259 impedimentis
913 1177 1109 1241 interclusas

105 1285 305 1347 emaximum
328 1281 446 1346 flumen
478 1280 665 1345 distinebat.
691 1281 807 1343 Tantis
837 1279 944 1345 subito
970 1279 1110 1346 difficul-

127 1384 248 1448 tatibus
266 1385 401 1448 0biectis
426 1384 467 1449 ab
491 1386 591 1447 animi
608 1385 727 1449 virtute
750 1383 908 1448 auxilium
931 1383 1109 1468 petendum

125 1487 267 1552 videbat.

211 1591 262 1654 60.
292 1590 360 1656 Sub
395 1613 566 1676 vesperum
602 1589 738 1654 consilio
774 1601 958 1656 convocato
992 1592 1107 1658 cohor·

125 1706 224 1759 tatus.
241 1706 276 1759 ut
292 1718 340 1760 ea.
358 1717 441 1779 quae
462 1697 666 1777 imperasset,
684 1693 866 1776 diligenter,
881 1694 1108 1782 industrieque

126 1798 407 1873 administrarent,
442 1819 557 1877 naves,
593 1819 673 1881 quas
697 1798 879 1861 Metiosedo
912 1798 1106 1879 deduxerat,

126 1903 273 1986 singulas
297 1900 460 1986 equitibus
490 1900 645 1963 Romanis
675 1899 824 1964 attribuit
847 1911 880 1964 et
902 1902 1010 1986 prima
1034 1924 1109 1967 con·

124 2009 212 2071 fecta
240 2004 351 2088 vigilia
384 2013 538 2087 quattuor
568 2002 659 2067 milia
687 2025 844 2088 passuum
873 2005 1020 2071 secundo
1050 2007 1107 2071 fln-

125 2113 210 2174 mine
249 2108 377 2172 silentio
402 2107 553 2189 progredi
587 2105 696 2191 ibique
727 2131 761 2171 se
793 2112 983 2192 exspectari
1005 2110 1106 2175 iubet.

103 2216 275 2298 aQuiuque
309 2211 472 2290 cohortes,
510 2232 590 2295 quas
624 2212 756 2274 minime
788 2211 901 2275 firmas
935 2213 979 2277 ad
1015 2214 1107 2279 dimi·

124 2317 265 2380 candum
288 2339 360 2379 esse
377 2314 598 2394 existimabat,
616 2314 732 2379 castris
749 2314 914 2400 praesidio
932 2316 1105 2404 relinquit3

102 2423 265 2506 squinque
295 2418 440 2483 eiusdem
470 2419 606 2502 legionis
635 2419 778 2504 reliquas
808 2418 848 2483 de
877 2418 988 2483 media
1009 2431 1106 2485 nocte

124 2547 196 2587 enm
222 2524 371 2588 omnibus
394 2522 634 2606 impedimentis
658 2522 797 2586 adverso
821 2521 953 2587 flumine
984 2545 1105 2609 magno

101 2627 450 2711 rtnmultu'proficisei
475 2627 621 2709 imperat.
647 2624 818 2710 Conquirit
847 2627 946 2689 etiam
975 2625 1105 2693 lintres:

124 2732 183 2793 has
217 2752 337 2813 magno
374 2731 481 2792 sonitu
515 2750 678 2792 remorum
712 2729 865 2793 incitatas
897 2729 931 2792 in
966 2731 1105 2795 eandem

124 2844 249 2918 partem
266 2836 373 2897 mittit.
397 2832 474 2916 Ipse
494 2843 569 2915 post
591 2830 690 2915 paulo
709 2831 836 2896 silentio
853 2853 1008 2916 egressus
1032 2856 1104 2898 cnm

124 2938 227 3001 tribus
250 2934 433 3019 legionibus
469 2959 541 3000 eum
577 2935 682 2999 lecum
708 2937 798 3020 petit,
834 2957 899 3021 quo
921 2958 1027 3002 naves
1050 2960 1104 3023 ap·

123 3039 198 3125 pelli
222 3043 370 3104 iusserat.

209 3142 260 3206 61.
284 3144 333 3206 Eo
351 3165 425 3207 cum
442 3151 528 3205 esset
544 3152 685 3221 ventum,
703 3141 930 3225 exploratores
947 3142 1103 3225 hostium,

124 3256 157 3310 nt
182 3248 267 3309 omni
291 3246 434 3309 fluminis
459 3255 552 3329 parte
575 3263 667 3310 erant
691 3244 853 3329 dispositi,
881 3247 1102 3330 inopinantes,

123 3351 210 3433 quod
233 3372 351 3433 magna
377 3349 483 3413 subito
501 3360 570 3413 erat
587 3360 700 3414 coorta
715 3358 904 3434 tempestas,
922 3347 1103 3415 abnostris

103 3454 366 3537 supprimuntur,
398 3454 561 3518 exercitus
590 3455 818 3539 equitatusque
847 3451 1012 3538 equitibus
1040 3454 1104 3519 Ro·

125 3558 228 3619 manis
246 3556 558 3639 administrantibus
584 3579 665 3641 quos
683 3558 711 3620 ei
735 3558 869 3640 negotio
883 3557 1101 3641 praefecerat,
