2430 4028
132 251 196 316 <212
438 254 487 303 nu
506 255 626 304 annno
646 253 804 304 namurco

131 443 251 528 broges
281 444 404 509 crebris
435 445 478 510 ad
506 445 702 511 Rhodanum
737 446 906 531 dispositis
939 446 1115 532 praesidiis

130 570 251 632 magna
284 570 359 613 oum
388 571 468 614 cura
497 560 529 614 et
559 549 727 634 diligentia
756 573 835 616 suos
861 549 943 615 fines
973 558 1114 614 tuentur.

108 649 266 735 sCaesar‚
292 652 380 737 quod
402 652 514 716 hostes
530 654 677 737 equitatu
692 655 877 738 superiores
897 674 971 717 esse
987 651 1114 717 intelle·

130 754 231 838 gebat
253 764 286 820 et
308 755 494 819 interclusis
519 754 670 821 omuibus
698 755 870 821 itineribus
895 755 990 820 nulla
1011 779 1049 820 re
1071 779 1114 821 ex

129 860 300 942 provincia
312 868 411 943 atque
418 858 515 922 Italia
528 858 692 923 sublevari
705 867 844 944 poterat,
859 868 951 923 trans
959 858 1111 923 Rhenum

129 965 162 1026 in
177 962 389 1027 Germaniam
403 964 503 1027 mittit
519 962 562 1027 ad
579 985 635 1026 eas
652 965 814 1044 civitates,
838 984 920 1048 quas
937 962 1113 1048 superiori·

129 1065 191 1130 bus
215 1068 311 1128 annis
334 1077 532 1151 pacaverat,
561 1067 753 1152 equitesque
776 1065 819 1129 ab
842 1065 894 1131 his
916 1067 1059 1130 arcessit
1081 1074 1114 1130 et

129 1168 211 1233 levis
235 1179 422 1233 armaturae
438 1169 576 1253 pedites,
602 1172 655 1254 qui
671 1172 758 1235 inter
780 1192 837 1234 eos
861 1168 1017 1254 proeliari
1037 1191 1113 1235 con·

106 1281 273 1336 ssuerant.
301 1273 426 1336 Eorum
448 1272 601 1351 adventu,
625 1273 715 1357 quod
737 1274 844 1338 minus
866 1272 996 1339 idoneis
1019 1275 1113 1358 equis

127 1376 322 1454 utebantur,
357 1398 377 1438 a
406 1375 544 1440 tribunis
574 1376 711 1441 militum
745 1375 943 1462 reliquisque
967 1375 1040 1460 [sed
1068 1372 1111 1462 et]

128 1479 292 1564 equitibus
315 1479 472 1544 Romanis
496 1490 594 1565 atque
617 1482 764 1545 evocatis
788 1503 891 1567 equos
914 1482 1013 1545 sumit
1031 1479 1112 1545 Ger·

128 1584 298 1667 manisque
316 1582 491 1647 distribuit.

214 1686 266 1749 66.
289 1685 430 1770 Interea,
447 1686 525 1750 dum
542 1687 624 1752 haec
640 1697 808 1772 geruntur,
830 1686 974 1752 hostium
993 1689 1112 1774 copiae

128 1813 170 1854 ex
187 1789 344 1855 Arvernis
362 1793 563 1875 equitesque,
588 1793 643 1875 qui
664 1793 726 1855 toti
742 1789 875 1856 Galliae
895 1799 991 1856 erant
1010 1792 1111 1878 impe·

106 1895 202 1974 arati,
225 1893 434 1958 conveniunt.
457 1894 580 1978 Magno
597 1893 712 1958 horum
728 1906 845 1961 coacto
868 1916 1016 1979 numero,
1036 1918 1112 1960 cum

128 1996 252 2062 Caesar
280 1999 313 2060 in
337 1995 507 2081 Sequanos
536 2018 595 2080 per
623 2006 788 2062 extremos
812 1997 1001 2082 Lingonum
1026 1999 1112 2065 fines

127 2100 190 2164 iter
211 2100 345 2176 faceret,
369 2121 432 2183 quo
456 2099 586 2163 facilius
610 2098 793 2165 subsidium
815 2102 1009 2186 provinciae
1033 2102 1112 2166 ferri

126 2213 254 2286 posset,
284 2204 412 2267 circiter
440 2201 530 2266 milia
559 2224 715 2287 passuum
738 2202 853 2268 decem
883 2202 926 2268 ab
949 2205 1111 2271 Romanis

105 2308 219 2370 striuis
243 2307 362 2371 castris
386 2306 636 2389 Vercingetorix
669 2306 820 2372 consedit
849 2311 1111 2396 convocatisque

126 2409 169 2473 ad
192 2409 369 2474 concilium
392 2409 569 2493 praefectis
585 2411 730 2493 equitum
746 2413 876 2476 venisse
894 2420 1027 2499 tempus
1042 2415 1111 2478 vic·

126 2513 229 2576 toriae
253 2511 465 2577 demonstrat.
502 2511 632 2595 Fugere
655 2515 687 2575 in
711 2515 916 2597 provinciam
939 2515 1111 2583 Romarm

103 2613 301 2700 rGalliaque
324 2615 496 2679 excedere.
521 2615 559 2679 ld
576 2614 639 2679 sibi
662 2613 705 2679 ad
727 2625 935 2701 praesentem
959 2616 1109 2685 obtinen-

125 2719 203 2783 dam
218 2717 404 2782 libertatem
421 2721 501 2783 satis
518 2740 607 2799 esse3
628 2716 670 2782 ad
685 2717 799 2803 reliqui
816 2722 975 2805 temporis
989 2743 1109 2806 pacem

126 2832 225 2907 atque
249 2824 350 2886 otium
373 2845 488 2908 pamm
513 2822 646 2908 profici3
670 2822 849 2887 maioribus
872 2827 958 2888 enim
981 2826 1109 2891 coactis

125 2927 227 3011 copiis
264 2948 454 2990 reversuros
491 2949 596 3010 neque
630 2925 728 2990 finem
764 2924 911 2991 bellandi
949 2928 1108 2995 facturos.

102 3029 266 3094 5Pr0iude
295 3032 425 3114 agmine
456 3029 631 3114 impeditos
654 3029 870 3095 adorirentur.
914 3027 951 3095 Si
978 3031 1108 3118 pedites

126 3135 192 3198 suis
216 3132 376 3197 auxilium
398 3133 505 3196 ferant
527 3142 626 3217 atque
648 3135 682 3196 iu
705 3154 744 3197 eo
767 3142 951 3215 morentur,
973 3135 1038 3198 iter
1059 3135 1106 3199 fa·

124 3259 198 3301 cere
219 3260 286 3302 nou
302 3259 417 3321 posse3
441 3239 478 3319 si,
503 3236 536 3300 id
552 3236 641 3321 quod
663 3237 769 3320 magis
790 3236 932 3301 futurum
948 3237 1106 3315 confidat,

122 3341 245 3404 relictis
274 3339 515 3425 impedimentis
545 3362 624 3403 suae
648 3338 745 3404 saluti
768 3339 963 3422 consulant,
989 3349 1023 3405 et
1043 3363 1107 3407 usu

101 3465 232 3509 ererum
254 3444 515 3510 necessariarum
531 3452 564 3506 et
579 3441 738 3526 dignitate
754 3441 933 3527 spoliatum
947 3442 998 3508 iri.
1019 3442 1107 3510 Nam

126 3545 166 3610 de
190 3544 352 3633 equitibus
383 3545 543 3621 hostium,
571 3545 649 3630 quin
679 3566 774 3610 nemo
805 3566 920 3611 eorum
947 3546 1106 3633 progredi
