2430 4028
387 246 497 331 nmen
515 247 574 309 vn,
594 245 671 296 our.
690 245 800 295 ar-so.
1026 245 1087 312 189

103 439 231 524 dosque
260 437 304 503 ad
334 461 412 504 suos
435 446 579 519 curaret,
611 460 694 522 quae
717 440 836 523 cuique
859 437 986 502 civitati
1010 460 1087 523 pars

103 551 289 608 castrorum
311 540 353 606 ab
376 543 468 606 initio
494 540 682 605 obvenerat.

190 644 243 712 29.
265 646 404 710 Postero
434 645 486 711 die
517 645 655 709 consilio
686 654 870 710 convocato
898 643 1089 709 consolatus

103 748 361 834 cohortatusque
383 757 450 829 est,
480 771 521 812 ne
545 770 580 812 se
603 747 781 812 admodum
810 749 919 812 animo
944 747 1090 811 demitte·

102 862 187 938 rent,
221 875 263 917 ne
297 850 563 936 perturbarentur
596 849 815 915 incommodo.
861 850 936 914 Non
970 850 1112 914 virtuter

103 977 212 1042 neque
233 958 267 1021 in
291 957 363 1021 acie
378 958 498 1019 vicisse
513 955 691 1038 Romanos,
716 955 774 1020 sed
793 955 930 1020 artificio
948 955 1090 1039 quodam

102 1069 137 1126 et
161 1061 300 1124 scientia
324 1059 588 1144 oppugnationis,
620 1061 713 1124 cuius
735 1060 782 1123 rei
805 1058 925 1122 fuerint
946 1059 1010 1143 ipsi
1033 1061 1090 1123 im-

104 1164 216 1249 periti.
239 1163 370 1243 Errare,
388 1164 415 1226 si
439 1164 492 1247 qui
516 1163 549 1225 in
564 1160 651 1226 bello
676 1183 788 1226 omnes
805 1162 967 1227 secundos
982 1182 1112 1227 rerums

103 1274 286 1353 proventus
302 1274 506 1350 exspectent.
534 1263 603 1329 Sibi
627 1287 806 1349 numquam
821 1265 988 1350 placuisse
1004 1265 1113 1330 Ara-4

102 1372 209 1436 ricum
239 1369 385 1449 defendi,
416 1373 508 1435 cuius
532 1370 578 1432 rei
602 1377 702 1433 testes
730 1370 821 1453 ipsos
844 1368 996 1451 baberet3
1032 1369 1091 1433 sed

102 1474 230 1538 factum
252 1472 472 1558 imprudentia
487 1472 671 1554 Biturigum
695 1482 727 1536 et
749 1473 851 1537 nimia
875 1472 1090 1558 obsequentia

106 1575 325 1661 reliquorum,
355 1577 402 1639 uti
431 1575 493 1640 hoc
523 1575 768 1640 incommodum
797 1577 1011 1661 acciperetur.
1051 1577 1113 1641 Ids

105 1690 220 1744 tamen
243 1700 279 1743 se
301 1677 449 1743 celeriter
472 1677 651 1742 maioribus
675 1679 857 1744 commodis
887 1691 1090 1745 sanaturum.

105 1785 193 1849 Nam
217 1804 301 1869 quae
329 1782 370 1847 ab
393 1783 526 1868 reliquis
557 1782 662 1850 Gallis
692 1785 842 1849 civitates
872 1785 1113 1868 dissentirent,e

105 1887 167 1952 has
198 1907 258 1950 sua
289 1884 457 1969 diligentia
490 1886 719 1953 adiuncturum
753 1896 851 1972 atque
880 1909 980 1951 unum
1015 1909 1091 1953 con·

105 1989 215 2055 silium
238 1989 338 2053 totius
355 1986 486 2052 Galliae
509 1989 709 2072 effecturum,
734 1994 826 2055 ouius
850 1991 1026 2055 consensui
1049 2014 1091 2056 ne

106 2093 197 2158 orbis
232 2090 365 2176 quidem
397 2100 558 2156 terrarum
587 2095 692 2178 possit
721 2092 901 2176 obsistere3
934 2093 1033 2180 idque
1057 2117 1092 2158 se

105 2217 210 2282 prope
233 2198 299 2260 iam
322 2194 473 2259 effectum
487 2195 620 2260 habere.
642 2196 773 2261 Interea
796 2217 935 2282 aequum
951 2218 1024 2260 esse
1047 2195 1113 2262 abr

105 2302 145 2363 iis
183 2299 365 2362 eommunis
401 2298 515 2362 salutis
549 2321 652 2364 causa
685 2300 873 2384 impetrari,
908 2310 944 2364 ut
981 2309 1093 2365 castra

104 2403 234 2466 munire
256 2402 476 2483 instituerent,
496 2423 560 2486 quo
577 2401 709 2467 facilius
732 2404 923 2488 repentinos
946 2403 1091 2468 hostium

105 2506 251 2589 impetus
275 2504 479 2568 sustinerent.

195 2604 248 2669 30.
274 2605 353 2671 Fuit
385 2607 467 2671 haec
502 2610 608 2673 oratio
643 2631 708 2673 non
739 2611 869 2692 ingrata
901 2609 1026 2687 Gallis,
1061 2619 1094 2674 et

105 2712 274 2793 maxime,
304 2709 394 2796 quod
415 2711 487 2795 ipse
511 2715 619 2777 animo
642 2734 708 2776 non
733 2712 899 2778 defecerat
921 2723 1013 2778 tanto
1040 2735 1094 2777 ac·

106 2823 207 2901 capto
237 2813 447 2880 incommodo
479 2837 584 2900 neque
608 2818 699 2880 sein
731 2816 897 2881 occultum
921 2816 1095 2882 abdiderat

105 2927 139 2985 et
160 2925 379 3004 conspectum
401 2916 619 2982 multitudinis
642 2918 789 3002 fugerat3
820 2919 959 3006 plusquc
982 2922 1117 2986 animos

105 3018 282 3110 providere
305 3029 338 3086 et
360 3023 564 3106 praesentire
588 3021 853 3107 existimabatur,
883 3022 971 3108 quod
992 3046 1028 3089 re
1051 3026 1096 3089 in-

104 3135 202 3211 W
224 3126 331 3209 primo
351 3124 594 3190 incendendum
617 3125 813 3203 Avaricum,
846 3137 923 3213 post
946 3128 1094 3192 deseren-

108 3228 190 3295 dum
212 3217 396 3294 censuerat.
430 3228 548 3313 Itaque
571 3239 607 3293 ut
635 3227 836 3314 reliquorum
859 3234 1116 3316 imperatorumr

105 3353 160 3397 res
191 3328 353 3396 adversae
383 3334 614 3397 auctoritatem
643 3334 807 3417 minuunt,
844 3336 891 3398 sic
925 3334 1021 3398 huius
1050 3357 1093 3399 ex

107 3435 274 3500 conuario
299 3435 443 3518 dignitas
459 3435 668 3501 incommodo
692 3446 830 3522 accepto
854 3439 887 3501 in
904 3437 972 3502 dies
997 3459 1094 3522 auge·

107 3536 216 3604 batur.
262 3535 367 3602 Simul
394 3539 428 3601 in
456 3558 555 3621 spem
577 3537 754 3604 veniebant
776 3541 846 3603 eius
870 3538 1117 3605 affirmationes
