2430 4028
127 250 188 314 174
427 253 477 301 nn
496 251 618 302 annno
638 250 796 302 ounnrco

125 442 227 506 oculis
251 441 383 505 domum
411 443 562 521 remittit,
592 452 627 505 ut
650 442 714 505 sint
743 441 876 527 reliquis
907 440 1103 508 documento

123 556 155 608 et
177 544 400 629 magnitudine
425 567 552 630 poenae
576 553 782 629 perterreant
805 543 897 609 alios.

209 645 239 709 5.
264 647 324 711 His
341 647 509 734 suppliciis
527 647 675 712 celeriter
690 657 807 712 coacto
824 648 974 712 exercitu
990 648 1105 713 Lucte-

123 752 207 815 rium
231 749 432 827 Cadurcum,
467 773 613 816 summae
637 750 800 815 hominem
823 749 996 833 audaciae,
1034 773 1104 815 cum

124 864 216 936 parte
240 855 409 938 copiarum
433 855 465 918 in
488 854 634 918 Rutenos
658 854 771 936 mittit,
795 855 867 938 ipse
889 855 922 916 in
939 854 1105 938 Bituriges

102 957 349 1042 rproliciscitur.
394 959 476 1023 Eius
511 958 654 1022 adventu
688 959 852 1041 Bituriges
877 957 919 1022 ad
961 958 1104 1031 Aeduos,

124 1082 261 1144 quorum
285 1070 377 1125 erant
400 1065 432 1125 in
456 1062 529 1138 lide,
549 1061 677 1146 legatos
694 1063 826 1125 mittunt
849 1060 1036 1127 subsidium
1057 1084 1104 1126 ro·

124 1175 244 1246 gatum,
262 1186 325 1248 quo
349 1164 480 1229 facilius
497 1166 638 1230 hostium
656 1167 771 1249 copias
789 1164 952 1229 sustinere
968 1166 1104 1249 possint.

101 1268 229 1332 sAedui
252 1267 293 1332 de
316 1268 452 1334 consilio
478 1269 669 1352 legatorum,
695 1292 777 1355 quos
794 1266 921 1334 Caesar
944 1267 989 1333 ad
1016 1291 1103 1333 exer

124 1374 225 1435 citum
247 1372 430 1456 reliquerat,
455 1375 568 1456 copias
591 1374 752 1457 equitatus
776 1371 1010 1457 peditatusque
1034 1370 1104 1437 sub·

103 1476 207 1540 isidio
231 1476 435 1559 Biturigibus
458 1479 598 1540 mittunt.
647 1475 808 1555 Quicum
838 1475 881 1539 ad
902 1475 1027 1541 flumen
1050 1476 1103 1539 Li·

124 1580 226 1660 gerim
248 1581 429 1659 venissent,
454 1578 543 1663 quod
565 1580 729 1661 Bituriges
758 1578 800 1642 ab
825 1577 949 1643 Aeduis
981 1578 1102 1659 dividit,

124 1703 248 1765 paucos
271 1681 340 1746 dies
369 1681 415 1747 ibi
437 1684 555 1747 morati
579 1703 684 1767 neque
711 1681 831 1746 flumen
861 1683 1005 1745 transire
1036 1684 1102 1746 ausi

102 1783 254 1849 edomum
277 1794 482 1850 revertuntur
503 1785 685 1869 legatisque
701 1786 820 1849 nostris
843 1784 1047 1859 renuntiant,
1069 1806 1100 1850 se

123 1889 306 1972 Biturigum
340 1888 510 1973 perlidiam
547 1891 668 1953 veritos
702 1889 890 1965 revertisse,
927 1887 1047 1972 quibus
1074 1886 1103 1951 id

125 1990 253 2057 consilii
276 1992 378 2056 fuisse
402 1993 624 2074 cognoverint,
649 2000 694 2071 ut,
712 1994 739 2055 si
755 1989 874 2054 flumen
897 1992 1103 2072 transissent,

126 2116 190 2158 una
214 2117 254 2157 ex
270 2104 363 2180 parte
387 2096 460 2178 ipsi,
484 2091 588 2158 altera
604 2094 743 2159 Arverni
767 2115 801 2158 se
817 2095 1102 2160 circumsisterent.

104 2197 165 2261 eld
188 2220 270 2261 eane
294 2197 334 2261 de
358 2219 476 2273 causa,
512 2220 608 2281 quam
634 2196 750 2279 legatis
774 2198 1041 2281 pronuntiarunt,
1065 2218 1102 2262 an

128 2300 266 2384 perfidia
289 2299 423 2364 adducti
448 2302 599 2382 fecerint,
631 2301 719 2385 quod
741 2298 823 2363 nihil
846 2299 942 2365 nobis
965 2309 1102 2381 constat,

104 2426 190 2468 rison
214 2404 342 2468 videtur
365 2426 423 2488 pro
448 2417 538 2469 certo
563 2427 633 2469 esse
657 2404 916 2489 proponendum.
940 2404 1102 2489 Bituriges

124 2529 235 2572 eorum
260 2506 407 2573 discessu
432 2510 543 2572 statim
566 2530 640 2572 curn
665 2508 818 2572 Arvernis
840 2510 1032 2591 iunguntur.

210 2610 239 2675 (3.
268 2612 328 2676 llis
352 2611 449 2676 rebus
479 2614 510 2676 in
534 2610 667 2676 ltaliam
691 2610 828 2677 Caesari
850 2613 1012 2678 nuntiatis
1035 2634 1103 2676 cum

125 2717 188 2777 iam
213 2713 266 2777 ille
289 2713 432 2780 urbanas
462 2738 513 2779 res
543 2717 661 2779 virtute
686 2713 770 2778 Gnei
799 2714 936 2799 Pompei
964 2736 1103 2781 commo·
1146 2728 1148 2733 '

125 2817 250 2881 diorem
274 2820 307 2883 in
331 2828 451 2881 statum
475 2818 663 2902 pervenisse
687 2816 899 2901 intellegeret,
929 2818 964 2882 in
986 2816 1103 2883 Trans·

103 2920 269 3004 salpinam
296 2919 439 2986 Galliam
471 2921 636 3003 profectus
661 2931 720 2985 est.
766 2921 816 2984 no
846 2940 923 2985 cum
951 2923 1102 3001 venisset,
1145 2920 1148 2925 ’

125 3045 246 3107 magna
269 3023 464 3088 difficultate
480 3022 697 3105 alliciebatur,
721 3044 787 3108 qua
808 3012 936 3090 ratione
953 3022 998 3089 ad
1012 3046 1102 3090 exer

103 3127 225 3191 scitum
248 3129 418 3212 pervenire
441 3136 564 3211 posset.
594 3127 680 3192 Nam
703 3129 730 3191 si
753 3127 899 3211 legiones
922 3128 958 3193 in
979 3129 1104 3214 provin·

125 3233 210 3295 ciam
233 3240 422 3306 arcesseret,
454 3254 488 3294 se
512 3228 648 3294 absente
671 3230 703 3293 in
728 3231 842 3294 itinere
865 3229 992 3314 proelio
1016 3230 1104 3297 dimi·

103 3347 257 3400 reaturas
270 3332 499 3417 intellegebat;
513 3336 540 3397 si
556 3336 625 3418 ipse
638 3333 681 3397 ad
694 3335 872 3398 exercitum
885 3334 1104 3411 contenderet

126 3460 167 3502 ne
197 3440 237 3503 iis
266 3439 395 3522 quidem
428 3461 466 3502 eo
496 3447 660 3523 tempore,
697 3441 752 3523 qui
775 3440 876 3522 quieti
908 3436 1104 3521 viderentur,

128 3564 220 3606 suam
244 3541 383 3606 salutem
407 3550 497 3606 recte
520 3543 680 3606 committi
702 3540 846 3608 videbat.
