2430 4028
185 275 225 337 73
492 274 542 322 nn
562 271 682 321 suono
702 271 859 323 ursinico

184 463 357 548 pellerent,
397 460 654 547 auxiliaresque,
690 461 809 546 quibus
842 463 886 528 ad
920 483 1071 549 pugnam
1106 488 1168 530 nou

184 565 319 630 multum
347 564 486 629 Crassus
509 563 713 647 confidebat,
737 564 902 650 lapidibus
924 564 1070 652 telisque
1095 567 1167 632 sub-

182 669 404 734 ministrandis
420 678 452 733 et
467 667 510 732 ad
528 689 681 752 aggerem
697 669 898 754 caespitibus
914 672 1165 755 comportandis

185 773 327 856 speciem
357 781 455 857 atquc
485 772 671 858 opinionem
709 775 924 857 pugnantium
957 774 1167 858 praeberent,

184 898 258 940 cum
281 877 359 939 item
383 875 424 939 ab
441 874 589 939 hostibus
613 884 801 940 constanter
823 898 862 941 ac
885 896 953 943 non
978 877 1100 944 timide
1115 901 1167 963 pu·

186 987 350 1062 guaretur,
367 977 496 1063 telaque
512 1001 554 1042 ex
570 977 643 1043 loco
661 981 828 1063 superiore
845 979 945 1044 missa
959 1001 1027 1044 uon
1046 982 1167 1048 frustra

162 1084 384 1163 succiderent,
410 1085 535 1167 equites
550 1085 730 1148 circumitis
745 1084 889 1149 hostium
904 1085 1025 1148 castris
1044 1083 1165 1151 Crasso

184 1186 462 1266 renuntiaverunt,
484 1209 549 1250 nou
573 1187 688 1251 eadem
711 1210 782 1251 esse
806 1188 975 1272 diligentia
1000 1188 1045 1255 ab
1071 1188 1165 1255 decu-

185 1312 283 1354 mana
299 1298 394 1373 porta
410 1299 519 1353 castra
535 1292 659 1354 munita
674 1289 870 1377 facilemque
885 1291 1014 1355 aditum
1030 1290 1165 1358 habere.

270 1392 321 1456 26.
347 1393 487 1458 Crassus
516 1396 660 1478 equitum
689 1393 873 1480 praefectos
897 1393 1105 1479 cohortatus,
1134 1406 1167 1460 ut

185 1499 313 1582 magnis
330 1497 482 1582 praemiis
504 1496 860 1585 pollicitationibusque
876 1520 954 1564 suos
969 1501 1164 1581 excitarent,

163 1601 263 1685 aquid
295 1600 365 1664 fieri
399 1599 486 1681 velit,
512 1601 665 1665 ostendit.
699 1600 761 1683 Illi,
791 1611 827 1666 ut
854 1611 925 1668 erat
956 1601 1164 1687 imperatum,

185 1703 311 1768 eductis
334 1705 374 1767 iis
390 1703 591 1785 cohortibus,
611 1726 695 1790 quae
712 1704 877 1791 pracsidio
894 1706 1014 1770 castris
1028 1706 1165 1772 relictae

184 1810 313 1872 intritae
337 1807 378 1871 ab
403 1808 515 1872 labore
539 1819 641 1889 erant,
665 1818 698 1872 et
719 1808 866 1892 longiore
889 1810 1009 1874 itincre
1026 1809 1165 1875 circum·

185 1911 300 1993 ductis,
326 1934 365 1974 ne
389 1934 431 1974 ex
453 1910 597 1975 hostium
620 1913 738 1976 castris
761 1911 910 1996 conspici
925 1921 1077 1997 possent,
1104 1936 1163 1978 om·

184 2016 271 2078 nium
297 2014 400 2078 oculis
424 2012 652 2098 mentibusque
681 2014 723 2078 ad
753 2035 898 2098 pugnam
919 2014 1058 2081 intentis
1082 2017 1164 2082 cele·

162 2118 262 2181 ariter
285 2117 328 2181 ad
351 2140 418 2199 cas,
444 2140 525 2203 quas
549 2117 702 2198 diximus,
726 2118 923 2181 munitiones
946 2128 1165 2202 pervenerunt

185 2230 282 2305 atque
313 2220 363 2284 his
387 2223 528 2306 prorutis
559 2223 648 2304 prius
672 2223 705 2284 in
728 2221 871 2285 hostium
895 2222 1015 2287 castris
1046 2224 1163 2289 cousti-

185 2334 302 2408 terunt,
320 2348 418 2410 quam
442 2325 538 2408 plano
562 2324 604 2389 ab
628 2325 678 2389 his
694 2324 797 2389 videri
820 2333 887 2406 aut,
911 2324 991 2410 quid
1012 2327 1062 2391 rei
1078 2348 1163 2411 gere

161 2438 282 2510 aretur,
312 2431 467 2512 cognosci
496 2437 617 2515 posset.
663 2429 746 2492 Tum
776 2451 854 2493 vero
877 2427 1024 2494 clamore
1051 2429 1097 2495 ab
1127 2452 1163 2494 ca

186 2541 278 2615 parte
301 2531 413 2596 audito
437 2535 539 2596 nostri
563 2532 792 2615 redintegratis
816 2530 958 2615 viribus,
987 2533 1080 2617 quod
1102 2533 1163 2620 plc-

184 2658 320 2719 rumquo
343 2638 376 2699 in
400 2657 456 2720 spe
480 2636 636 2700 victoriae
660 2636 811 2700 accidere
840 2637 1028 2719 consuevit,
1058 2639 1162 2702 acrius

161 2741 376 2823 simpugnare
399 2749 587 2825 coeperunt.
632 2741 754 2804 Hostes
780 2739 920 2824 undique
950 2739 1162 2805 circumventi

185 2843 365 2926 desperatis
390 2843 539 2909 omnibus
562 2844 660 2908 rebus
683 2866 718 2907 se
743 2865 800 2927 per
823 2843 1021 2908 munitiones
1036 2842 1162 2909 deicere

162 2956 216 3009 oet
240 2947 317 3028 fuga
341 2945 480 3011 salutem
502 2957 612 3032 petere
634 2945 852 3010 intenderunt.
884 2944 976 3026 Quos
998 2948 1162 3031 equitatus

184 3049 397 3132 apertissimis
432 3051 558 3134 campis
592 3057 800 3114 consectatus
835 3072 878 3113 ex
905 3048 1032 3113 milium
1059 3066 1084 3113 L
1112 3072 1164 3117 nn·

182 3173 282 3234 mero,
306 3174 388 3236 quae
418 3175 460 3215 ex
485 3153 663 3237 Aquitania
699 3150 939 3238 Cantabrisque
968 3155 1162 3219 convenisse

183 3253 367 3338 constabat,
391 3257 447 3319 vix
471 3265 588 3340 quarta
611 3265 703 3340 parte
726 3255 850 3338 relicta,
881 3254 986 3322 multa
1008 3266 1110 3324 nocto
1131 3279 1163 3322 sc
1202 3296 1206 3307 ·

183 3359 216 3421 in
241 3367 352 3423 castra
374 3360 501 3443 recipit.

270 3460 320 3523 27.
345 3462 418 3525 Hac
442 3462 553 3526 audita
577 3484 687 3547 pugna
711 3463 856 3527 maxima
872 3485 949 3548 pars
965 3462 1162 3551 Aquitaniae

185 3587 255 3627 soso
280 3563 399 3629 Crasso
425 3564 548 3629 dedidit
573 3565 769 3651 obsidesque
794 3565 877 3631 ultro
901 3568 1006 3650 misit3
1042 3572 1161 3655 quoin
