2430 4028
404 257 515 308 LIBER
532 257 554 320 1,
574 255 652 308 OAP.
671 255 781 306 39-40.
1042 252 1083 316 29

101 455 231 528 rentur,
261 444 323 510 sibi
346 447 568 531 quaerendum
597 457 655 511 aut
677 446 889 530 cogitandum
919 452 1082 530 putarent.

103 551 305 615 Ariovistum
336 572 372 613 se
399 547 534 614 consule
564 549 772 635 cupidissime
801 547 913 634 populi
944 547 1107 612 Romania

105 655 284 719 amicitiam
300 654 484 738 appetisse:
508 674 566 717 cur
588 652 674 717 huno
690 661 758 717 tam
773 660 895 717 temere
911 651 1085 738 quisquam

105 755 148 819 ab
172 755 281 820 officio
306 755 525 820 discessurum
548 755 731 820 iudicaret?
765 754 835 821 Sibi
860 754 992 840 quidem
1014 775 1109 839 per-e

105 857 246 940 suaderi,
263 861 403 943 cognitis
427 861 494 923 suis
510 859 685 944 postulatis
709 868 807 944 atque
829 860 994 943 aequitate
1010 880 1087 922 con·

105 961 272 1026 dicionum
294 973 479 1047 perspecta,
504 985 578 1027 eum
600 985 705 1047 neque
730 983 822 1026 suam
844 984 949 1046 neque
973 960 1087 1046 populi

104 1065 245 1130 Romani
267 1067 407 1149 gratiam
422 1066 677 1151 repudiaturum.
708 1064 805 1147 Quod
822 1066 848 1129 si
863 1065 973 1130 furore
990 1073 1110 1150 atques

104 1171 249 1235 amentia
281 1168 440 1254 impulsus
475 1168 596 1234 bellum
626 1169 805 1240 intulisset,
841 1167 921 1254 quid
953 1168 1087 1233 tandem

104 1272 317 1339 vererentur?
345 1282 403 1338 aut
432 1295 490 1338 our
518 1274 558 1338 de
588 1296 648 1339 sua
677 1274 797 1338 virtute
827 1281 884 1337 aut
914 1272 954 1337 de
984 1274 1087 1357 ipsius

107 1376 280 1461 diligentia
296 1377 531 1461 desperarent?
545 1378 685 1441 Factum
701 1379 771 1442 eius
786 1377 889 1441 hostis
906 1375 1109 1460 perieulums

105 1489 239 1566 patrum
260 1490 446 1546 nostrorum
470 1483 643 1562 memoria,
677 1502 753 1545 oum
775 1478 917 1545 Cimbris
950 1488 982 1543 et
1004 1480 1087 1543 Teu-

104 1585 193 1650 tonis
227 1607 248 1649 a
283 1582 368 1650 Gaio
401 1585 507 1650 Mario
542 1586 646 1672 pulsis
675 1608 742 1651 non
771 1586 929 1649 minorem
958 1583 1089 1648 laudem

106 1689 270 1753 exercitus
299 1710 397 1772 quam
426 1689 497 1773 ipse
527 1690 706 1773 imperator
728 1690 862 1754 meritus
896 1686 1089 1763 videbatur3

106 1792 232 1857 factum
257 1794 354 1857 etiam
378 1815 482 1878 nuper
504 1795 538 1857 in
561 1794 658 1857 Italia
682 1793 790 1858 servili
814 1791 970 1874 tumultu,
1007 1814 1088 1877 quos

106 1906 218 1960 tamen
251 1895 376 1980 aliquid
409 1919 487 1961 usus
521 1918 561 1960 ac
597 1895 791 1982 disciplina,
827 1917 912 1980 quae
940 1917 960 1959 a
993 1895 1089 1960 nobis

107 2001 326 2085 accepissent,
362 1999 579 2065 sublevarent.
625 2000 679 2063 Ex
709 2022 772 2084 quo
808 1997 945 2062 iudicari
979 2020 1113 2090 posses

109 2112 268 2187 quantum
290 2102 427 2167 haberet
456 2104 490 2166 in
515 2124 550 2166 se
573 2101 651 2166 boni
675 2103 879 2183 constantia,
915 2112 1091 2186 propterea

108 2204 208 2290 quod,
232 2226 313 2292 quos
343 2204 547 2290 aliquamdiu
575 2206 717 2270 inermos
741 2205 810 2268 sine
843 2226 945 2268 causa
968 2207 1090 2270 timuis·

110 2317 194 2390 sent,
222 2307 284 2372 hos
312 2318 430 2394 postea
452 2321 596 2372 armatos
625 2330 665 2372 ac
692 2309 834 2373 victores
870 2317 1089 2394 superassent.

107 2411 261 2495 Denique
284 2411 345 2475 hos
375 2433 447 2475 esse
470 2409 614 2484 eosdem,
645 2410 839 2495 quibuscum
857 2431 1113 2494 saepenumeror

109 2514 255 2579 Helvetii
279 2516 448 2597 congressi
472 2537 538 2578 non
561 2512 666 2578 solum
689 2514 723 2578 in
746 2514 823 2588 suis,
855 2513 914 2578 sed
936 2516 1035 2579 etiam
1056 2517 1092 2580 in

108 2618 239 2683 illorum
270 2618 389 2684 finibus
427 2617 616 2704 plerumque
653 2619 861 2703 superarint,
897 2620 951 2705 qui
982 2628 1092 2684 tamen

110 2720 209 2808 pares
232 2745 304 2788 esse
332 2730 444 2787 nostro
473 2723 633 2787 exercitui
661 2745 726 2786 non
750 2723 927 2807 potuerint.
951 2719 986 2785 Si
1011 2744 1115 2807 quoss

110 2826 289 2891 adversum
311 2823 472 2910 proelium
500 2833 532 2888 et
561 2825 640 2908 fuga
664 2823 836 2889 Gallorum
864 2835 1092 2907 commoveret,

110 2928 185 3004 hos,
209 2932 237 2994 si
260 2936 462 3014 quaererent,
485 2929 628 3013 reperire
657 2950 756 3012 posse
779 2928 993 2994 diuturnitate
1016 2928 1094 2993 belli

110 3034 301 3117 defatigatis
333 3031 439 3096 Gallis
462 3031 681 3115 Ariovistum,
716 3055 791 3096 cum
820 3033 940 3099 multos
964 3055 1093 3097 menses

110 3139 232 3202 eastris
262 3159 296 3201 se
325 3158 365 3200 ao
394 3135 570 3222 paludibus
602 3138 761 3201 tenuisset
790 3160 895 3222 neque
925 3138 974 3203 sui
1003 3147 1093 3223 pote·

112 3250 234 3306 statem
267 3241 408 3323 fecisset,
440 3240 653 3325 desperantes
682 3243 748 3305 iam
777 3241 818 3307 de
848 3264 960 3325 pugna
989 3251 1021 3305 et
1049 3240 1094 3304 di·

112 3367 246 3431 spersos
275 3343 382 3409 subito
412 3342 564 3408 adortum
592 3346 696 3429 magis
728 3346 855 3409 ratione
890 3353 923 3408 et
956 3344 1093 3409 consilio

112 3471 213 3533 quam
246 3450 366 3513 virtute
402 3448 532 3511 vicisse.
562 3444 624 3512 Oui
652 3449 772 3512 rationi
803 3457 918 3512 contra
948 3447 1117 3512 homines⁹

112 3553 276 3618 barbaros
311 3561 409 3638 atque
442 3551 609 3636 imperitos
651 3550 744 3616 locus
782 3552 919 3636 fuisset,
956 3549 1019 3616 hac
1054 3575 1095 3616 ne
