2430 4028
413 268 523 317 LIBER
543 268 562 330 1,
582 266 659 316 CAP.
677 266 788 317 35-39.
1046 266 1086 329 27

104 457 288 524 Sueborum
313 458 357 522 ad
379 459 486 543 ripam
509 458 612 523 Rheni
635 458 835 540 consedisse,
859 459 914 542 qui
936 458 1087 523 Rhenum

103 564 244 627 transire
267 570 485 645 conarentur3
519 560 569 626 his
599 584 753 646 praeesse
775 562 923 626 Nasuam
947 569 979 625 et
1001 559 1087 626 Cim-

105 666 230 730 berium
261 665 390 729 fratres.
437 664 565 747 Quibus
597 665 695 729 rebus
725 665 850 730 Caesar
878 664 1109 730 vehementem

106 779 289 833 commotus
306 769 537 834 maturandum
562 768 624 833 sibi
647 769 858 850 existimavit,
875 791 925 850 ne,
950 772 976 832 si
1000 791 1087 833 nova

102 896 220 937 manus
238 872 421 938 Sueborum
445 896 519 937 cum
535 871 700 937 veteribus
716 872 821 957 copiis
837 872 998 936 Ariovisti
1015 894 1086 935 sese

102 976 339 1057 coniunxisset,
363 978 469 1041 minus
493 977 591 1041 facile
612 978 720 1041 resisti
744 984 868 1061 posset.
913 976 1030 1060 Itaque
1052 997 1109 1038 1e5

101 1082 245 1145 frument
233 1082 317 1145 taria
334 1103 432 1166 quam
447 1079 738 1164 celerrimetpotuit
754 1088 946 1165 comparata
957 1078 1087 1162 magnis

103 1183 276 1249 itineribus
301 1184 344 1248 ad
367 1183 570 1249 Ariovistum
593 1194 670 1249 cont
657 1184 771 1248 tendit

192 1286 243 1350 38.
268 1284 351 1350 Cum
384 1286 482 1351 tridui
520 1288 606 1351 viam
636 1287 869 1371 processisset,
904 1287 1088 1350 nuntiatum

103 1399 154 1454 est
177 1392 206 1454 ei
224 1389 424 1455 Ariovistum
447 1413 521 1454 cum
546 1393 613 1454 suis
638 1391 789 1455 omnibus
806 1391 910 1475 copiis
934 1389 977 1454 ad
994 1410 1088 1453 occu·

103 1493 250 1579 pandum
273 1493 520 1574 Vesontionem,
546 1494 635 1578 quod
659 1503 709 1557 est
734 1493 891 1577 oppidum
908 1494 1088 1557 maximum

104 1597 353 1683 Sequanorum,
392 1597 590 1662 contendere
627 1596 793 1682 triduique
832 1598 921 1660 viam
959 1618 978 1658 a
1020 1598 1087 1659 suis

103 1699 224 1765 finibus
248 1701 436 1786 proiecisse.
475 1700 576 1764 Idne
600 1699 774 1780 accideret,
799 1721 1001 1784 magnopere
1025 1698 1109 1762 sibia

104 1803 372 1890 praecavendum
387 1803 512 1870 Caesar
528 1803 749 1867 existimabat.
774 1804 923 1888 Namque
943 1806 1109 1868 omniumr

102 1931 221 1990 rorum,
247 1930 331 1991 quae
354 1907 397 1970 ad
420 1905 542 1971 bellum
565 1908 639 1971 usui
662 1916 773 1985 erant,
811 1931 939 1971 summa
962 1909 1087 1971 eratin

105 2033 145 2075 eo
170 2009 291 2095 oppido
326 2009 482 2092 facultas,
517 2011 615 2096 idque
647 2021 765 2076 natura
795 2012 859 2074 loci
888 2013 934 2076 sic
966 2013 1110 2076 munic-4

108 2115 222 2196 batur,
252 2125 288 2178 ut
310 2138 464 2199 magnam
495 2114 539 2179 ad
567 2114 751 2179 ducendum
773 2114 895 2178 bellum
919 2114 1013 2178 daret
1040 2114 1086 2177 fa·

103 2218 275 2300 cultatem,
306 2228 480 2303 propterea
508 2217 597 2303 quod
618 2218 738 2283 flumen
768 2217 875 2282 Dubis
905 2229 942 2283 ut
965 2218 1087 2282 circino

104 2321 364 2386 circumductum
399 2345 504 2407 paene
533 2332 638 2386 totum
670 2321 829 2405 oppidum
864 2322 981 2405 cingit,
1019 2321 1111 2386 reli-5

104 2450 203 2511 quum
222 2427 374 2510 spatium,
400 2425 487 2511 quod
504 2436 554 2491 est
576 2449 642 2489 non
667 2424 807 2508 amplius
831 2425 952 2508 pedum
974 2444 999 2488 Μ
1018 2448 1089 2488 sex·

103 2539 284 2609 centorum,
321 2552 386 2613 qua
418 2529 536 2594 flumen
573 2530 778 2607 intermittit,
814 2552 908 2593 mons
943 2530 1089 2592 continet

103 2655 229 2716 magna
252 2632 433 2713 altitudine,
457 2634 513 2716 ita,
538 2643 573 2697 ut
594 2633 723 2697 radices
739 2635 861 2698 montis
885 2656 926 2696 ex
950 2641 1088 2716 utraque

106 2745 200 2820 parte
216 2737 307 2820 ripae
323 2735 464 2800 fluminis
482 2739 683 2820 contingant.
706 2737 804 2800 Hune
824 2758 935 2800 murus
952 2738 1109 2799 circum-o

104 2840 202 2904 datus
225 2861 335 2904 arcem
365 2840 466 2903 efficit
488 2850 521 2904 et
550 2862 623 2903 cum
648 2840 769 2924 oppido
801 2839 979 2922 coniungit.
1012 2839 1109 2902 Hucr

103 2941 230 3007 Caesar
252 2944 385 3025 magnis
402 2944 571 3007 nocturnis
596 2943 785 3027 diurnisque
815 2942 985 3007 itineribus
1009 2966 1086 3007 con·

104 3045 211 3110 tendit
238 3057 463 3131 occupatoque
495 3046 616 3130 oppido
643 3045 688 3110 ibi
713 3046 911 3130 praesidium
935 3047 1087 3113 collocat.

191 3149 241 3213 39.
268 3151 353 3215 Dum
377 3173 501 3235 paucos
527 3151 596 3215 dies
620 3151 663 3215 ad
685 3151 921 3215 Vesontionem
950 3154 997 3215 rei
1020 3151 1086 3216 fru-

102 3257 285 3318 mentariae
313 3263 581 3338 commeatusque
610 3276 712 3318 causa
743 3264 905 3334 moratur,
941 3278 982 3322 ex
1016 3278 1087 3340 per-

103 3358 293 3442 contatione
315 3367 502 3422 nostrorum
525 3359 728 3443 vocibusque
746 3357 917 3423 Gallorum
941 3381 981 3424 ac
1004 3382 1086 3423 mer-

103 3469 270 3542 catorum,
301 3461 356 3543 qui
384 3461 508 3544 ingenti
539 3461 763 3545 magnitudine
795 3484 970 3546 corporum
1005 3460 1085 3526 Ger·

103 3560 260 3643 manos,
277 3562 460 3627 incredibili
495 3564 613 3628 virtute
648 3573 746 3648 atque
782 3565 1017 3629 exercitatione
1051 3567 1085 3629 in
