2430 4028
356 265 467 316 nnana
485 265 544 327 vn,
564 265 641 315 cnr.
662 266 769 315 re-ro.
993 266 1054 330 183

157 453 209 520 20.
231 453 499 538 Vercingetorix,
528 475 603 518 cum
631 453 674 519 ad
704 476 780 521 suos
809 455 958 535 redisset,
981 477 1055 540 pro·

69 559 205 625 ditionis
228 557 446 640 insimulatus,
478 558 565 643 quod
589 568 699 624 castra
730 560 865 644 propius
888 559 1054 624 Romanos

67 663 249 744 movisset,
290 661 379 746 quod
412 683 487 726 cum
525 665 612 726 omni
649 664 797 747 equitatu
835 662 1053 742 discessisset,

68 765 161 852 quod
190 767 260 831 sine
287 769 424 851 imperio
458 776 567 832 tantas
592 768 706 852 copias
730 766 931 852 reliquisset,
966 768 1055 852 quod

68 872 140 935 eius
165 869 313 936 discessu
336 870 475 935 Romani
498 879 590 935 tanta
615 871 859 955 opportunitate
889 879 922 935 et
944 871 1054 935 celeri-

68 983 140 1039 tate
163 973 345 1038 renissent:
382 995 448 1039 non
482 972 563 1038 haec
593 975 702 1038 omnia
730 974 864 1039 fortuito
893 983 951 1039 aut
985 974 1075 1040 siner

68 1077 209 1144 consilio
245 1077 395 1143 accidere
428 1079 591 1162 potuisse3
628 1100 764 1161 regnum
798 1076 889 1142 illum
924 1076 1055 1141 Galliae

68 1181 170 1246 malle
187 1181 338 1247 Caesaris
362 1203 520 1248 concessu
539 1204 637 1266 quam
659 1185 805 1266 ipsorum
822 1181 943 1246 habere
959 1182 1054 1246 bene·

67 1286 164 1350 licio:
188 1285 245 1353 teli
268 1285 366 1350 modo
391 1294 566 1350 accusatus
589 1286 632 1350 ad
656 1286 738 1349 baec
759 1285 943 1369 respondit:
967 1285 1076 1370 quode

68 1397 182 1455 castra
212 1391 379 1470 movisset,
411 1391 534 1454 factum
564 1391 673 1474 inopia
702 1387 811 1472 pabuli
847 1390 944 1453 etiarn
975 1391 1055 1472 ipsie

69 1489 300 1572 hortantibus3
341 1492 429 1579 quod
467 1494 602 1577 propius
639 1493 807 1557 Romanos
848 1494 1054 1573 accessisset,

71 1617 268 1681 persuasum
291 1594 355 1661 loci
379 1599 634 1680 opportunitate,
665 1597 719 1681 qui
743 1620 777 1661 se
801 1599 870 1680 ipse
895 1598 963 1660 sine
987 1619 1055 1660 mu·

68 1700 196 1766 uitione
219 1697 426 1781 defenderet3
456 1700 601 1784 equitum
631 1722 708 1764 vero
738 1721 871 1784 operam
894 1721 999 1784 neque
1021 1699 1076 1763 ins

68 1803 142 1868 loco
161 1801 301 1889 palustri
317 1802 497 1867 desiderari
515 1802 666 1868 debuisse
684 1812 716 1866 et
731 1802 797 1866 illic
815 1803 915 1868 fuisse
931 1803 1054 1884 utilem,

69 1929 132 1991 quo
160 1907 228 1972 sint
243 1906 391 1990 profecti.
416 1905 584 1972 Summam
607 1908 735 1991 imperii
751 1930 786 1970 se
802 1905 952 1971 consulto
972 1906 1077 1971 nullis

57 2009 295 2076 ,discedentem
319 2008 504 2088 tradidisse,
529 2032 569 2074 ne
592 2011 620 2074 is
645 2010 862 2074 multitudinis
880 2010 987 2074 studio
1011 2011 1056 2074 ad

71 2111 297 2180 dimicandum
320 2111 556 2197 impelleretur,
580 2116 631 2178 cui
648 2116 694 2177 rei
712 2122 847 2198 propter
864 2114 961 2177 animi
978 2113 1056 2177 mol·

70 2215 176 2282 litiem
199 2216 330 2282 studere
354 2239 467 2282 omnes
490 2217 624 2298 videret,
650 2216 738 2302 quod
762 2217 884 2281 diutius
909 2214 1055 2280 laborem

69 2320 156 2384 ferre
189 2340 257 2385 non
287 2330 430 2405 possent.
463 2320 603 2384 Romani
637 2322 664 2384 si
699 2341 778 2384 casu
812 2321 1077 2401 intervenerint,e

71 2424 236 2505 fortunae,
261 2424 287 2487 ei
312 2422 448 2488 alicuius
472 2424 594 2489 indicio
619 2426 740 2506 vocati,
769 2423 845 2487 huic
868 2421 1055 2487 habendam

72 2530 225 2612 gratiam,
255 2527 343 2613 quod
365 2536 398 2591 et
420 2528 618 2611 paucitatem
649 2549 760 2591 eorum
791 2549 833 2590 ex
862 2524 935 2590 loco
965 2547 1057 2610 snpe-

69 2635 156 2697 riore
184 2651 386 2714 cognoscere
420 2639 453 2695 et
485 2633 638 2695 virtutem
674 2630 842 2715 despicere
879 2631 1055 2714 potuerint,

69 2737 123 2820 qui
147 2733 305 2799 dimicare
340 2754 405 2798 non
438 2735 509 2798 ausi
539 2735 677 2818 turpiter
706 2756 741 2798 se
768 2734 801 2797 in
832 2743 940 2797 castra
970 2754 1065 2843 rece}

67 2840 186 2924 perint.
231 2837 409 2922 Imperium
438 2861 472 2902 se
504 2837 546 2902 ab
571 2836 714 2902 Caesare
744 2860 803 2923 per
836 2837 1077 2922 proditionemr

72 2941 198 3008 nullum
221 2940 417 3022 desiderare,
435 2941 523 3027 quod
538 2940 660 3006 habere
675 2943 817 3006 victoria
832 2949 953 3026 posset,
972 2964 1055 3026 quae

71 3048 136 3112 iam
160 3053 248 3112 esset
269 3046 331 3112 sibi
349 3055 447 3132 atquc
471 3046 622 3111 omnibus
639 3045 747 3112 Gallis
770 3045 961 3131 explorata;
978 3048 1054 3130 quin

68 3151 167 3214 etiam
202 3149 284 3235 ipsis
318 3151 499 3233 remittere,
535 3152 560 3214 si
590 3150 652 3215 sibi
686 3151 790 3234 magis
822 3149 978 3214 bonorem
1002 3151 1055 3213 tri-

69 3253 186 3328 buere,
222 3274 320 3338 quam
354 3253 396 3318 ab
436 3276 471 3318 se
509 3253 649 3319 salutem
683 3255 833 3338 accipere
870 3252 1054 3318 videantur.

67 3347 173 3421 ‘Haec
194 3365 232 3420 ut
254 3350 472 3441 intellegatis',
497 3358 611 3442 inquit,
631 3353 666 3420 ‘a
687 3379 739 3421 me
762 3357 887 3420 sincere
913 3377 1076 3440 pronun-a

69 3460 151 3542 tiari,
170 3457 284 3525 audite
299 3459 465 3524 Romanos
489 3459 629 3524 milites'.
654 3458 812 3524 Producit
831 3481 953 3536 servos,
970 3481 1075 3544 quoso

67 3565 99 3626 in
116 3560 333 3648 pabulatione
349 3563 472 3646 paucis,
487 3570 562 3626 ante
579 3562 694 3626 diebus
719 3573 896 3647 exceperat
919 3563 1053 3626 etfama
