2430 4028
128 250 166 312 16
430 247 481 298 nn
500 248 619 298 sunno
640 247 796 298 cnuuroo

124 450 156 504 et
177 447 295 524 postea
322 437 356 501 in
378 436 424 501 Μ.
448 434 558 500 Crassi
581 438 703 519 fuerat,
738 458 812 501 cum
836 436 1105 522 exploratoribus

124 543 352 628 praemittitur.

210 643 261 707 22.
284 644 395 708 Prima
418 643 501 725 luce,
529 665 604 708 cum
627 665 771 708 summus
795 667 889 709 mons
913 666 933 709 a
955 645 1103 711 Labieno

124 757 295 824 teneretur,
319 750 390 832 ipse
415 746 456 811 ab
472 746 615 811 hostium
639 749 758 813 castris
775 771 840 812 non
862 747 993 833 longius
1016 749 1105 814 mille

124 862 157 916 ct
179 853 366 936 quingentis
382 849 536 935 passibus
560 851 701 934 abesset,
724 873 842 936 neque,
864 862 900 917 ut
922 861 1039 937 postea
1062 877 1105 917 ex

124 955 264 1040 captivis
288 954 459 1039 comperit,
490 963 547 1018 aut
568 955 671 1039 ipsius
695 953 856 1018 adventus
886 965 943 1019 aut
965 954 1105 1019 Labieni

102 1059 275 1142 scognitus
309 1065 411 1136 esset,
447 1055 623 1121 Considius
656 1080 740 1143 equo
775 1056 919 1121 admisso
954 1057 997 1122 ad
1030 1081 1104 1123 eum

124 1163 275 1242 accurrit,
306 1159 386 1224 dicit
407 1169 567 1242 montem,
603 1182 699 1245 quem
722 1183 742 1224 a
764 1158 913 1224 Labieno
948 1163 1104 1246 occupari

124 1263 273 1346 voluerit,
299 1262 341 1328 ab
364 1262 513 1328 hostibus
536 1261 656 1328 teneri:
680 1264 714 1328 id
738 1287 773 1328 se
795 1287 816 1328 a
839 1262 978 1328 Gallicis
1002 1267 1103 1329 armis

101 1375 223 1452 satque
252 1366 438 1450 insignibus
469 1368 674 1452 cognovisse.
725 1365 849 1432 Caesar
883 1389 960 1431 suas
990 1369 1104 1452 copias

123 1472 157 1535 in
180 1472 368 1555 proximum
390 1470 507 1536 collem
532 1470 694 1554 subducit,
725 1473 829 1536 aciem
852 1472 992 1536 instruit.
1037 1471 1104 1535 La·

123 1573 250 1657 bienus,
267 1583 303 1638 ut
319 1582 390 1638 erat
411 1576 440 1638 ei
457 1585 669 1660 praeceptum
684 1595 704 1637 a
720 1570 872 1656 Caesare,
887 1597 928 1638 ne
944 1573 1104 1659 proelium

124 1679 350 1759 committeret,
367 1678 429 1742 uisi
452 1679 555 1762 ipsius
577 1679 694 1762 copiae
710 1700 812 1762 prope
828 1676 971 1743 hostium
994 1686 1104 1741 castra

123 1783 215 1846 visae
249 1790 376 1863 essent,
408 1789 446 1844 ut
472 1780 616 1864 undique
650 1803 715 1845 uno
745 1790 891 1866 tempore
923 1781 956 1844 in
991 1780 1104 1847 hostes

123 1888 263 1970 impetus
286 1884 388 1966 fieret,
411 1894 522 1949 monte
546 1893 706 1969 occupato
731 1894 862 1949 nostros
885 1884 1102 1970 exspectabat

101 1987 316 2073 rproelioque
345 1985 543 2052 abstinebat.
581 1987 685 2052 Multo
715 1987 854 2072 denique
884 1988 936 2052 die
965 2011 1022 2073 per
1044 2011 1103 2052 ex·

123 2090 306 2174 ploratores
324 2088 448 2155 Caesar
471 2092 627 2173 cognovit
650 2099 682 2155 et
699 2099 842 2154 montem
865 2113 885 2154 a
910 2093 977 2154 suis
1000 2094 1103 2155 teneri

124 2203 157 2258 et
184 2193 354 2258 Helvetios
383 2203 493 2258 castra
526 2197 670 2259 movisse
704 2205 735 2258 et
762 2193 953 2260 Considium
986 2196 1102 2260 timore

123 2297 347 2381 perterritum,
383 2297 471 2382 quod
506 2319 570 2361 non
594 2296 745 2378 vidisset,
779 2319 839 2382 pro
864 2299 934 2362 viso
968 2297 1029 2362 sibi
1053 2321 1102 2362 re-

101 2403 302 2464 snuntiasse.
348 2400 398 2464 Eo
423 2400 475 2464 die
499 2423 562 2485 quo
591 2410 766 2465 consuerat
795 2399 967 2473 interuallo
991 2399 1102 2465 hostes

124 2504 269 2588 sequitur
301 2512 334 2567 et
367 2501 456 2567 milia
491 2492 625 2588 passiam
661 2505 723 2567 tria
760 2502 801 2567 ab
836 2525 947 2567 eorum
985 2507 1101 2569 castris

123 2617 232 2672 castra
256 2607 356 2690 ponit.
560 2585 576 2606 l

210 2710 260 2773 23.
285 2709 448 2775 Postridie
470 2711 540 2774 eius
564 2710 645 2790 diei,
680 2709 767 2795 quod
802 2711 932 2774 omnino
966 2708 1100 2776 biduum

125 2823 309 2900 supererat,
345 2836 419 2877 cum
453 2814 611 2878 exercitui
641 2813 837 2877 frumentum
866 2814 971 2877 metiri
1007 2836 1100 2898 opor·

124 2929 215 3000 teret,
247 2928 279 2982 et
302 2917 389 3002 quod
412 2940 432 2981 a
456 2916 620 2996 Bibracte,
645 2915 766 3002 oppido
789 2916 977 2981 Aeduorum
1003 2915 1102 3003 longe

124 3023 267 3086 maximo
293 3030 325 3084 et
348 3022 591 3106 copiosissimo,
621 3042 685 3085 non
708 3017 848 3105 amplius
875 3019 1005 3084 milibus
1028 3043 1102 3105 pas-

125 3146 218 3189 suum
244 3141 333 3186 xvm
356 3123 481 3206 aberat,
504 3124 550 3187 rei
574 3124 807 3188 frumentariae
834 3123 1100 3208 prospiciendum

124 3228 341 3308 existimavit,
375 3229 435 3291 ilor
464 3227 506 3291 ab
538 3226 700 3292 Helvetiis
728 3227 847 3291 avertit
879 3248 918 3291 ac
946 3226 1102 3292 Bibracte

103 3334 170 3395 sire
193 3330 369 3396 contendit.
405 3331 455 3394 Ea
479 3353 532 3395 res
556 3352 613 3414 per
634 3329 791 3414 fugitivos
820 3329 858 3394 L.
882 3329 1023 3413 Aemilii,
1047 3331 1100 3396 de·

102 3436 268 3498 scurionis
290 3435 434 3519 equitum
452 3432 633 3514 Gallorum,
650 3433 800 3499 hostibus
822 3435 1000 3500 nuntiatur.
1024 3435 1102 3499 Hel·

122 3539 209 3616 vetii,
227 3561 284 3602 seu
300 3537 386 3622 quod
411 3539 526 3602 timore
544 3539 733 3622 perterritos
748 3538 915 3602 Romanos
932 3536 1100 3604 discedere
