2430 4028
363 278 473 327 LIBER
491 278 513 342 Ι,
533 276 610 327 ΟΑΡ.
630 276 738 326 10-13.
1017 273 1037 336 9

56 494 75 537 e
90 472 206 536 castris
219 470 384 556 profectus
401 469 443 533 ad
459 475 672 552 campartem
688 467 845 551 pervenit,
859 487 943 552 quae
958 486 1038 528 non·

56 575 135 639 dum
150 574 271 639 flumen
288 573 471 637 transierat.
495 572 564 636 Eos
587 570 760 656 impeditos
777 579 809 633 et
831 571 1060 653 inopinantesa

58 698 397 762 aggressusmagnam
405 685 531 760 partem
543 696 655 740 eorum
667 673 827 756 concidit,
839 672 954 757 reliqui
967 693 1039 736 sese

58 782 158 865 fugae
171 780 368 845 mandarunt
383 789 480 864 atque
496 780 528 842 in
541 781 709 863 proximas
722 776 820 841 silvas
833 775 1039 840 abdiderunt.

56 885 89 949 ls
114 906 218 969 pagus
241 882 471 969 appellabatur
486 883 679 965 Tigurinus:
702 904 778 947 nam
795 882 899 944 omnis
923 882 1060 945 civitass

56 987 210 1052 Helvetia
221 989 255 1051 in
269 995 421 1072 quattuor
433 1007 538 1070 pagos
552 984 657 1049 divisa
672 994 732 1049 est.
749 984 813 1048 Hic
825 1005 932 1069 pagus
943 1005 1059 1061 unus,s

56 1114 131 1156 cum
144 1092 241 1156 domo
258 1090 381 1155 exisset
394 1099 523 1174 patrum
535 1097 720 1154 nostrorum
733 1090 900 1170 memoria,
911 1087 949 1151 L.
960 1085 1038 1151 Cas-

57 1196 141 1260 sium
173 1192 340 1259 consulem
372 1194 581 1258 interfecerat
608 1202 641 1258 et
669 1195 738 1258 eius
767 1191 947 1256 exercitum
976 1192 1036 1256 sub

55 1299 166 1381 iugum
190 1300 333 1363 miserat.
371 1298 423 1362 Ita
447 1298 515 1362 sive
538 1319 620 1362 casu
644 1299 713 1362 sive
740 1298 878 1362 consilio
903 1296 1060 1360 deoruma

55 1401 300 1483 immortalium,
326 1423 410 1487 quae
425 1423 502 1486 pars
519 1402 663 1465 civitatis
681 1401 851 1466 Helvetiae
874 1401 1038 1483 insignem

55 1503 276 1570 calamitatem
301 1504 423 1590 populo
447 1506 596 1570 Romano
620 1504 790 1587 intulerat,
821 1526 860 1568 ea
884 1507 1038 1588 princeps

56 1630 181 1693 poenas
204 1607 371 1693 persolvit.
404 1608 479 1688 Qua
501 1610 534 1672 in
557 1632 592 1673 re
616 1607 741 1673 Caesar
763 1631 829 1673 non
853 1606 958 1673 solum
981 1627 1060 1693 put

55 1709 172 1791 blicas,
202 1712 260 1776 sed
289 1711 387 1776 etiam
412 1713 559 1796 privatas
583 1714 719 1776 iniurias
749 1711 835 1776 ultus
858 1721 918 1794 est,
950 1711 1039 1796 quod

57 1817 127 1879 eius
150 1817 256 1879 soceri
285 1815 325 1878 L,
350 1816 479 1879 Pisonis
503 1839 615 1898 avum,
646 1816 684 1880 L.
709 1817 860 1880 Pisonem
883 1814 1037 1899 legatum,

55 1918 202 2002 Tigurini
226 1918 342 1983 eodem
365 1918 502 2004 proelio,
527 1920 596 2004 quo
609 1917 770 2001 Cassium,
794 1919 1034 1983 interfecerant.

146 2021 194 2084 13.
225 2023 301 2086 Hoc
331 2023 455 2107 proelio
485 2022 574 2087 facto
604 2022 746 2107 reliquas
778 2026 893 2108 copias
922 2019 1040 2088 Helvo.

57 2127 175 2190 tiorum
199 2135 235 2190 ut
257 2127 413 2211 consequi
437 2136 558 2208 posset,
582 2136 716 2211 pontem
740 2127 773 2189 in
790 2126 893 2191 Arare
916 2127 1038 2192 facien·

57 2229 134 2293 dum
164 2239 258 2294 curat
280 2239 379 2314 atque
409 2232 455 2294 ita
484 2231 665 2295 exercitum
695 2230 848 2294 traducit.
894 2231 1060 2296 Helvetii2

55 2334 225 2415 repentino
250 2335 320 2398 eius
344 2333 486 2398 adventu
508 2336 672 2416 commoti,
697 2356 771 2398 oum
795 2334 839 2416 id,
864 2334 952 2420 quod
974 2337 1037 2420 ipsi

55 2433 171 2499 diebus
194 2453 241 2498 xx
264 2435 451 2520 aegerrime]
473 2439 697 2517 confecerant,
731 2447 766 2502 ut
789 2438 910 2502 flumen
934 2447 1039 2502 trans·

56 2538 150 2613 irent,
174 2537 266 2603 illum
289 2562 354 2605 uno
372 2541 424 2605 die
447 2541 566 2606 fecisse
581 2540 818 2625 intellegerent,
843 2540 972 2625 legatos
995 2541 1039 2605 ad

58 2663 131 2705 eum
155 2643 303 2726 mittunt3
334 2645 426 2707 cuius
449 2642 623 2726 legationis
647 2643 765 2708 Divico
790 2645 944 2729 princeps
966 2644 1037 2726 fuit,

56 2745 111 2829 qui
135 2742 220 2809 bello
245 2745 405 2812 Cassiano
430 2746 498 2810 dux
521 2747 748 2812 Helvetiorum
772 2748 890 2812 fuerat.
937 2747 968 2811 ls
992 2749 1060 2811 itas

55 2869 130 2911 cum
148 2847 288 2914 Caesare
313 2852 394 2934 egit:
419 2851 446 2914 si
469 2872 586 2935 pacem
609 2850 751 2935 populus
770 2852 940 2915 Romanus
963 2873 1038 2916 cum

57 2950 217 3016 Helvetiis
246 2953 379 3036 faceret,
410 2954 445 3019 in
473 2977 546 3019 eam
575 2965 702 3039 partem
726 2958 830 3020 ituros
860 2964 959 3040 atque
993 2955 1037 3019 ibi

57 3053 185 3118 futuros
201 3055 382 3135 Helvetios,
399 3056 456 3122 ubi
476 3080 532 3121 eos
549 3055 674 3123 Caesar
693 3058 918 3123 constituisset
941 3066 1039 3144 atque

59 3179 132 3220 esse
155 3158 331 3239 voluisset;
360 3163 408 3224 sin
434 3159 521 3225 bello
551 3164 701 3247 persequi
732 3172 966 3246 perseveraret,
991 3185 1062 3227 ros

57 3262 285 3326 minisceretur
313 3272 346 3326 et
373 3265 493 3328 veteris
523 3265 723 3329 incommodi
753 3266 865 3350 populi
899 3266 1040 3330 Romani

57 3372 91 3428 et
113 3365 269 3448 pristinae
299 3367 426 3430 virtutis
452 3367 685 3432 Helvetiorum.
732 3368 830 3448 Quod
861 3371 1062 3454 improvis05

56 3488 156 3532 unum
192 3490 311 3554 pagum
346 3469 481 3534 adortus
517 3481 620 3553 esset,
655 3494 729 3536 cum
757 3473 795 3554 ii,
831 3474 885 3558 qui
919 3473 1041 3538 flumen

58 3573 262 3655 transissent,
288 3575 355 3638 suis
386 3574 545 3639 auxilium
568 3575 652 3640 ferre
675 3599 741 3641 uon
765 3586 909 3661 possent,
933 3600 975 3642 ne
999 3577 1040 3642 ob
