<?xml version="1.0" encoding="UTF-8"?>
<!DOCTYPE html PUBLIC "-//W3C//DTD XHTML 1.0 Transitional//EN"
    "http://www.w3.org/TR/xhtml1/DTD/xhtml1-transitional.dtd">
<html xmlns="http://www.w3.org/1999/xhtml" xml:lang="en" lang="en">
 <head>
  <title>
</title>
<meta http-equiv="Content-Type" content="text/html;charset=utf-8" />
  <meta name='ocr-system' content='tesseract 3.04.00' />
  <meta name='ocr-capabilities' content='ocr_page ocr_carea ocr_par ocr_line ocrx_word'/>
</head>
<body>
  <div class='ocr_page' id='page_1' title='image "./ciuliicaesarisc01hoffgoog_0219.png"; bbox 0 0 2430 4028; ppageno 0'>
   <div class='ocr_carea' id='block_1_1' title="bbox 135 256 812 322">
    <p class='ocr_par' dir='ltr' id='par_1_1' title="bbox 135 256 812 322">
     <span class='ocr_line' id='line_1_1' title="bbox 135 256 812 322; baseline 0.004 -15"><span class='ocrx_word' id='word_1_1' title='bbox 135 256 200 322; x_wconf 77' lang='lat'><strong>210</strong></span> <span class='ocrx_word' id='word_1_2' title='bbox 444 259 493 309; x_wconf 84' lang='lat' dir='ltr'><strong>nn</strong></span> <span class='ocrx_word' id='word_1_3' title='bbox 512 260 633 309; x_wconf 79' lang='lat' dir='ltr'><strong>annno</strong></span> <span class='ocrx_word' id='word_1_4' title='bbox 653 259 812 310; x_wconf 74' lang='lat' dir='ltr'><strong>onrmoo</strong></span> 
     </span>
    </p>
   </div>
   <div class='ocr_carea' id='block_1_2' title="bbox 100 448 1120 2917">
    <p class='ocr_par' dir='ltr' id='par_1_2' title="bbox 100 448 1120 1570">
     <span class='ocr_line' id='line_1_2' title="bbox 113 448 1119 532; baseline 0.003 -21"><span class='ocrx_word' id='word_1_5' title='bbox 113 470 248 514; x_wconf 82' lang='lat' dir='ltr'>somnes</span> <span class='ocrx_word' id='word_1_6' title='bbox 281 448 509 532; x_wconf 82' lang='lat' dir='ltr'><strong>interfectique</strong></span> <span class='ocrx_word' id='word_1_7' title='bbox 540 456 625 512; x_wconf 82' lang='lat' dir='ltr'><strong>sunt.</strong></span> <span class='ocrx_word' id='word_1_8' title='bbox 669 448 821 513; x_wconf 85' lang='lat' dir='ltr'><strong>Eandem</strong></span> <span class='ocrx_word' id='word_1_9' title='bbox 849 449 1018 516; x_wconf 89' lang='lat' dir='ltr'><strong>fortunam</strong></span> <span class='ocrx_word' id='word_1_10' title='bbox 1045 452 1119 516; x_wconf 85' lang='lat' dir='ltr'><strong>tulit</strong></span> 
     </span>
     <span class='ocr_line' id='line_1_3' title="bbox 137 551 1118 637; baseline 0.002 -19"><span class='ocrx_word' id='word_1_11' title='bbox 137 551 388 636; x_wconf 78' lang='lat' dir='ltr'><strong>Camulogenus.</strong></span> <span class='ocrx_word' id='word_1_12' title='bbox 416 552 461 616; x_wconf 88' lang='lat' dir='ltr'><strong>At</strong></span> <span class='ocrx_word' id='word_1_13' title='bbox 475 552 508 634; x_wconf 91' lang='lat' dir='ltr'><strong>ii,</strong></span> <span class='ocrx_word' id='word_1_14' title='bbox 532 553 587 637; x_wconf 93' lang='lat' dir='ltr'><strong>qui</strong></span> <span class='ocrx_word' id='word_1_15' title='bbox 603 552 767 636; x_wconf 86' lang='lat' dir='ltr'><strong>praesidio</strong></span> <span class='ocrx_word' id='word_1_16' title='bbox 784 563 901 618; x_wconf 91' lang='lat' dir='ltr'><strong>contra</strong></span> <span class='ocrx_word' id='word_1_17' title='bbox 925 564 1041 620; x_wconf 85' lang='lat' dir='ltr'><strong>castra</strong></span> <span class='ocrx_word' id='word_1_18' title='bbox 1056 555 1118 620; x_wconf 73' lang='lat' dir='ltr'><strong>La-</strong></span> 
     </span>
     <span class='ocr_line' id='line_1_4' title="bbox 134 653 1117 741; baseline 0.002 -21"><span class='ocrx_word' id='word_1_19' title='bbox 134 657 222 721; x_wconf 88' lang='lat' dir='ltr'><strong>bieni</strong></span> <span class='ocrx_word' id='word_1_20' title='bbox 245 664 340 720; x_wconf 90' lang='lat' dir='ltr'><strong>erant</strong></span> <span class='ocrx_word' id='word_1_21' title='bbox 360 655 476 732; x_wconf 84' lang='lat' dir='ltr'><strong>relicti,</strong></span> <span class='ocrx_word' id='word_1_22' title='bbox 501 675 575 719; x_wconf 90' lang='lat' dir='ltr'><strong>cum</strong></span> <span class='ocrx_word' id='word_1_23' title='bbox 592 653 752 741; x_wconf 92' lang='lat' dir='ltr'><strong>proelium</strong></span> <span class='ocrx_word' id='word_1_24' title='bbox 770 658 983 723; x_wconf 83' lang='lat' dir='ltr'><strong>commissum</strong></span> <span class='ocrx_word' id='word_1_25' title='bbox 1005 657 1117 722; x_wconf 87' lang='lat' dir='ltr'><strong>audis·</strong></span> 
     </span>
     <span class='ocr_line' id='line_1_5' title="bbox 135 759 1119 847; baseline 0.002 -23"><span class='ocrx_word' id='word_1_26' title='bbox 135 769 218 839; x_wconf 89' lang='lat' dir='ltr'><strong>sent,</strong></span> <span class='ocrx_word' id='word_1_27' title='bbox 244 759 390 824; x_wconf 89' lang='lat' dir='ltr'><strong>subsidio</strong></span> <span class='ocrx_word' id='word_1_28' title='bbox 415 761 482 823; x_wconf 91' lang='lat' dir='ltr'><strong>suis</strong></span> <span class='ocrx_word' id='word_1_29' title='bbox 498 760 605 823; x_wconf 78' lang='lat' dir='ltr'><strong>ierrmt</strong></span> <span class='ocrx_word' id='word_1_30' title='bbox 621 759 804 845; x_wconf 90' lang='lat' dir='ltr'><strong>collemque</strong></span> <span class='ocrx_word' id='word_1_31' title='bbox 827 770 994 846; x_wconf 89' lang='lat' dir='ltr'><strong>ceperunt,</strong></span> <span class='ocrx_word' id='word_1_32' title='bbox 1011 784 1119 847; x_wconf 90' lang='lat' dir='ltr'><strong>neque</strong></span> 
     </span>
     <span class='ocr_line' id='line_1_6' title="bbox 134 861 1120 951; baseline 0.001 -22"><span class='ocrx_word' id='word_1_33' title='bbox 134 875 320 929; x_wconf 88' lang='lat' dir='ltr'><strong>nostrorum</strong></span> <span class='ocrx_word' id='word_1_34' title='bbox 344 861 484 928; x_wconf 92' lang='lat' dir='ltr'><strong>militum</strong></span> <span class='ocrx_word' id='word_1_35' title='bbox 506 864 667 927; x_wconf 85' lang='lat' dir='ltr'><strong>victorum</strong></span> <span class='ocrx_word' id='word_1_36' title='bbox 691 865 848 948; x_wconf 90' lang='lat' dir='ltr'><strong>impetum</strong></span> <span class='ocrx_word' id='word_1_37' title='bbox 876 866 1042 929; x_wconf 87' lang='lat' dir='ltr'><strong>sustinere</strong></span> <span class='ocrx_word' id='word_1_38' title='bbox 1064 886 1120 951; x_wconf 92' lang='lat' dir='ltr'><strong>po·</strong></span> 
     </span>
     <span class='ocr_line' id='line_1_7' title="bbox 112 965 1118 1055; baseline 0.005 -28"><span class='ocrx_word' id='word_1_39' title='bbox 112 976 275 1033; x_wconf 84' lang='lat' dir='ltr'><strong>stuerunt.</strong></span> <span class='ocrx_word' id='word_1_40' title='bbox 332 965 386 1031; x_wconf 88' lang='lat' dir='ltr'><strong>Sic</strong></span> <span class='ocrx_word' id='word_1_41' title='bbox 415 988 489 1032; x_wconf 91' lang='lat' dir='ltr'><strong>cum</strong></span> <span class='ocrx_word' id='word_1_42' title='bbox 514 969 581 1032; x_wconf 87' lang='lat' dir='ltr'><strong>suis</strong></span> <span class='ocrx_word' id='word_1_43' title='bbox 611 967 811 1050; x_wconf 88' lang='lat' dir='ltr'><strong>fugientibus</strong></span> <span class='ocrx_word' id='word_1_44' title='bbox 833 969 1005 1053; x_wconf 85' lang='lat' dir='ltr'><strong>permixti,</strong></span> <span class='ocrx_word' id='word_1_45' title='bbox 1037 990 1118 1055; x_wconf 90' lang='lat' dir='ltr'><strong>quos</strong></span> 
     </span>
     <span class='ocr_line' id='line_1_8' title="bbox 132 1070 1118 1156; baseline -0.001 -20"><span class='ocrx_word' id='word_1_46' title='bbox 132 1093 199 1136; x_wconf 91' lang='lat' dir='ltr'><strong>uon</strong></span> <span class='ocrx_word' id='word_1_47' title='bbox 231 1070 334 1135; x_wconf 85' lang='lat' dir='ltr'><strong>silvae</strong></span> <span class='ocrx_word' id='word_1_48' title='bbox 363 1079 556 1156; x_wconf 84' lang='lat' dir='ltr'><strong>montesque</strong></span> <span class='ocrx_word' id='word_1_49' title='bbox 585 1081 753 1153; x_wconf 85' lang='lat' dir='ltr'><strong>texerunt,</strong></span> <span class='ocrx_word' id='word_1_50' title='bbox 790 1070 833 1135; x_wconf 89' lang='lat' dir='ltr'><strong>ab</strong></span> <span class='ocrx_word' id='word_1_51' title='bbox 861 1072 1012 1156; x_wconf 75' lang='lat' dir='ltr'><strong>equitatu</strong></span> <span class='ocrx_word' id='word_1_52' title='bbox 1043 1081 1118 1138; x_wconf 88' lang='lat' dir='ltr'><strong>sunt</strong></span> 
     </span>
     <span class='ocr_line' id='line_1_9' title="bbox 100 1174 1118 1257; baseline 0.007 -24"><span class='ocrx_word' id='word_1_53' title='bbox 100 1174 307 1240; x_wconf 80' lang='lat' dir='ltr'><strong>reinterfecti.</strong></span> <span class='ocrx_word' id='word_1_54' title='bbox 331 1175 406 1240; x_wconf 90' lang='lat' dir='ltr'><strong>Hoc</strong></span> <span class='ocrx_word' id='word_1_55' title='bbox 427 1175 562 1257; x_wconf 88' lang='lat' dir='ltr'><strong>negotio</strong></span> <span class='ocrx_word' id='word_1_56' title='bbox 586 1175 737 1239; x_wconf 84' lang='lat' dir='ltr'><strong>confecto</strong></span> <span class='ocrx_word' id='word_1_57' title='bbox 753 1174 921 1240; x_wconf 78' lang='lat' dir='ltr'><strong>Labienus</strong></span> <span class='ocrx_word' id='word_1_58' title='bbox 942 1178 1118 1240; x_wconf 86' lang='lat' dir='ltr'><strong>revertitur</strong></span> 
     </span>
     <span class='ocr_line' id='line_1_10' title="bbox 133 1277 1116 1362; baseline 0.001 -20"><span class='ocrx_word' id='word_1_59' title='bbox 133 1278 348 1362; x_wconf 83' lang='lat' dir='ltr'><strong>Agedincum,</strong></span> <span class='ocrx_word' id='word_1_60' title='bbox 372 1277 429 1342; x_wconf 94' lang='lat' dir='ltr'><strong>ubi</strong></span> <span class='ocrx_word' id='word_1_61' title='bbox 446 1278 679 1361; x_wconf 90' lang='lat' dir='ltr'><strong>impedimenta</strong></span> <span class='ocrx_word' id='word_1_62' title='bbox 695 1279 796 1341; x_wconf 90' lang='lat' dir='ltr'><strong>totins</strong></span> <span class='ocrx_word' id='word_1_63' title='bbox 819 1278 984 1344; x_wconf 86' lang='lat' dir='ltr'><strong>exercitus</strong></span> <span class='ocrx_word' id='word_1_64' title='bbox 999 1279 1116 1343; x_wconf 87' lang='lat' dir='ltr'><strong>relicta</strong></span> 
     </span>
     <span class='ocr_line' id='line_1_11' title="bbox 132 1378 1114 1467; baseline 0.001 -22"><span class='ocrx_word' id='word_1_65' title='bbox 132 1390 242 1464; x_wconf 83' lang='lat' dir='ltr'><strong>erant3</strong></span> <span class='ocrx_word' id='word_1_66' title='bbox 257 1381 334 1445; x_wconf 90' lang='lat' dir='ltr'><strong>inde</strong></span> <span class='ocrx_word' id='word_1_67' title='bbox 346 1402 421 1445; x_wconf 93' lang='lat' dir='ltr'><strong>cum</strong></span> <span class='ocrx_word' id='word_1_68' title='bbox 435 1379 585 1445; x_wconf 89' lang='lat' dir='ltr'><strong>omnibus</strong></span> <span class='ocrx_word' id='word_1_69' title='bbox 599 1382 703 1465; x_wconf 89' lang='lat' dir='ltr'><strong>copiis</strong></span> <span class='ocrx_word' id='word_1_70' title='bbox 716 1381 760 1446; x_wconf 94' lang='lat' dir='ltr'><strong>ad</strong></span> <span class='ocrx_word' id='word_1_71' title='bbox 767 1378 942 1446; x_wconf 79' lang='lat' dir='ltr'><strong>Caesarem</strong></span> <span class='ocrx_word' id='word_1_72' title='bbox 954 1387 1114 1467; x_wconf 80' lang='lat' dir='ltr'><strong>pervenit</strong></span> 
     </span>
     <span class='ocr_line' id='line_1_12' title="bbox 218 1483 1114 1570; baseline 0.006 -24"><span class='ocrx_word' id='word_1_73' title='bbox 218 1483 269 1547; x_wconf 84' lang='lat'><strong>63.</strong></span> <span class='ocrx_word' id='word_1_74' title='bbox 293 1483 490 1548; x_wconf 85' lang='lat' dir='ltr'><strong>Defectione</strong></span> <span class='ocrx_word' id='word_1_75' title='bbox 507 1483 698 1548; x_wconf 84' lang='lat' dir='ltr'><strong>Aeduorum</strong></span> <span class='ocrx_word' id='word_1_76' title='bbox 715 1487 850 1568; x_wconf 90' lang='lat' dir='ltr'><strong>cognita</strong></span> <span class='ocrx_word' id='word_1_77' title='bbox 871 1483 992 1550; x_wconf 91' lang='lat' dir='ltr'><strong>bellum</strong></span> <span class='ocrx_word' id='word_1_78' title='bbox 1016 1507 1114 1570; x_wconf 87' lang='lat' dir='ltr'><strong>auge·</strong></span> 
     </span>
    </p>

    <p class='ocr_par' dir='ltr' id='par_1_3' title="bbox 105 1588 1113 2917">
     <span class='ocr_line' id='line_1_13' title="bbox 110 1588 1113 1673; baseline 0.004 -25"><span class='ocrx_word' id='word_1_79' title='bbox 110 1597 193 1653; x_wconf 84' lang='lat' dir='ltr'><strong>atur.</strong></span> <span class='ocrx_word' id='word_1_80' title='bbox 239 1589 437 1672; x_wconf 81' lang='lat' dir='ltr'><strong>Legationes</strong></span> <span class='ocrx_word' id='word_1_81' title='bbox 466 1588 499 1651; x_wconf 91' lang='lat' dir='ltr'><strong>iu</strong></span> <span class='ocrx_word' id='word_1_82' title='bbox 524 1609 637 1652; x_wconf 89' lang='lat' dir='ltr'><strong>omnes</strong></span> <span class='ocrx_word' id='word_1_83' title='bbox 661 1598 771 1673; x_wconf 88' lang='lat' dir='ltr'><strong>partes</strong></span> <span class='ocrx_word' id='word_1_84' title='bbox 801 1590 1113 1654; x_wconf 85' lang='lat' dir='ltr'><strong>circummittuntur:</strong></span> 
     </span>
     <span class='ocr_line' id='line_1_14' title="bbox 132 1690 1112 1777; baseline 0 -21"><span class='ocrx_word' id='word_1_85' title='bbox 132 1702 289 1777; x_wconf 90' lang='lat' dir='ltr'><strong>quantum</strong></span> <span class='ocrx_word' id='word_1_86' title='bbox 306 1693 422 1776; x_wconf 90' lang='lat' dir='ltr'><strong>gratia,</strong></span> <span class='ocrx_word' id='word_1_87' title='bbox 439 1693 647 1775; x_wconf 83' lang='lat' dir='ltr'><strong>auctoritate,</strong></span> <span class='ocrx_word' id='word_1_88' title='bbox 672 1693 811 1776; x_wconf 88' lang='lat' dir='ltr'><strong>pecunia</strong></span> <span class='ocrx_word' id='word_1_89' title='bbox 826 1690 948 1769; x_wconf 87' lang='lat' dir='ltr'><strong>valent,</strong></span> <span class='ocrx_word' id='word_1_90' title='bbox 966 1691 1009 1756; x_wconf 79' lang='lat' dir='ltr'><strong>ed</strong></span> <span class='ocrx_word' id='word_1_91' title='bbox 1027 1692 1112 1758; x_wconf 81' lang='lat' dir='ltr'><strong>solli-</strong></span> 
     </span>
     <span class='ocr_line' id='line_1_15' title="bbox 110 1793 1111 1880; baseline -0.002 -18"><span class='ocrx_word' id='word_1_92' title='bbox 110 1794 283 1862; x_wconf 81' lang='lat' dir='ltr'><strong>aeitandas</strong></span> <span class='ocrx_word' id='word_1_93' title='bbox 300 1796 450 1859; x_wconf 83' lang='lat' dir='ltr'><strong>civitates</strong></span> <span class='ocrx_word' id='word_1_94' title='bbox 470 1796 634 1876; x_wconf 82' lang='lat' dir='ltr'><strong>nituntur3</strong></span> <span class='ocrx_word' id='word_1_95' title='bbox 658 1796 746 1859; x_wconf 90' lang='lat' dir='ltr'><strong>nacti</strong></span> <span class='ocrx_word' id='word_1_96' title='bbox 764 1793 905 1871; x_wconf 87' lang='lat' dir='ltr'><strong>obsides,</strong></span> <span class='ocrx_word' id='word_1_97' title='bbox 929 1815 1013 1880; x_wconf 88' lang='lat' dir='ltr'><strong>quos</strong></span> <span class='ocrx_word' id='word_1_98' title='bbox 1030 1793 1111 1860; x_wconf 81' lang='lat' dir='ltr'><strong>an-</strong></span> 
     </span>
     <span class='ocr_line' id='line_1_16' title="bbox 132 1897 1112 1982; baseline 0.002 -20"><span class='ocrx_word' id='word_1_99' title='bbox 132 1920 187 1962; x_wconf 86' lang='lat' dir='ltr'><strong>sar</strong></span> <span class='ocrx_word' id='word_1_100' title='bbox 203 1898 291 1982; x_wconf 88' lang='lat' dir='ltr'><strong>apud</strong></span> <span class='ocrx_word' id='word_1_101' title='bbox 308 1920 365 1962; x_wconf 91' lang='lat' dir='ltr'><strong>eos</strong></span> <span class='ocrx_word' id='word_1_102' title='bbox 381 1898 589 1982; x_wconf 82' lang='lat' dir='ltr'><strong>deposuerat,</strong></span> <span class='ocrx_word' id='word_1_103' title='bbox 613 1897 728 1962; x_wconf 90' lang='lat' dir='ltr'><strong>horum</strong></span> <span class='ocrx_word' id='word_1_104' title='bbox 744 1897 905 1982; x_wconf 88' lang='lat' dir='ltr'><strong>supplicio</strong></span> <span class='ocrx_word' id='word_1_105' title='bbox 922 1897 1112 1964; x_wconf 83' lang='lat' dir='ltr'><strong>dubitantes</strong></span> 
     </span>
     <span class='ocr_line' id='line_1_17' title="bbox 108 2000 1111 2084; baseline -0.002 -17"><span class='ocrx_word' id='word_1_106' title='bbox 108 2004 289 2067; x_wconf 76' lang='lat' dir='ltr'><strong>sterritant.</strong></span> <span class='ocrx_word' id='word_1_107' title='bbox 327 2001 447 2064; x_wconf 90' lang='lat' dir='ltr'><strong>Petunt</strong></span> <span class='ocrx_word' id='word_1_108' title='bbox 469 2023 489 2064; x_wconf 85' lang='lat' dir='ltr'><strong>a</strong></span> <span class='ocrx_word' id='word_1_109' title='bbox 513 2000 783 2084; x_wconf 85' lang='lat' dir='ltr'><strong>Vercingetorige</strong></span> <span class='ocrx_word' id='word_1_110' title='bbox 805 2001 922 2077; x_wconf 91' lang='lat' dir='ltr'><strong>Aedui,</strong></span> <span class='ocrx_word' id='word_1_111' title='bbox 949 2011 987 2065; x_wconf 90' lang='lat' dir='ltr'><strong>ut</strong></span> <span class='ocrx_word' id='word_1_112' title='bbox 1009 2001 1056 2066; x_wconf 88' lang='lat' dir='ltr'><strong>ad</strong></span> <span class='ocrx_word' id='word_1_113' title='bbox 1078 2024 1111 2065; x_wconf 86' lang='lat' dir='ltr'><strong>se</strong></span> 
     </span>
     <span class='ocr_line' id='line_1_18' title="bbox 107 2104 1111 2188; baseline -0.002 -16"><span class='ocrx_word' id='word_1_114' title='bbox 107 2107 241 2172; x_wconf 70' lang='lat' dir='ltr'><strong>eveniat</strong></span> <span class='ocrx_word' id='word_1_115' title='bbox 268 2105 477 2188; x_wconf 84' lang='lat' dir='ltr'><strong>rationesque</strong></span> <span class='ocrx_word' id='word_1_116' title='bbox 507 2104 585 2168; x_wconf 87' lang='lat' dir='ltr'><strong>belli</strong></span> <span class='ocrx_word' id='word_1_117' title='bbox 619 2104 754 2188; x_wconf 90' lang='lat' dir='ltr'><strong>gerendi</strong></span> <span class='ocrx_word' id='word_1_118' title='bbox 788 2106 1019 2169; x_wconf 79' lang='lat' dir='ltr'><strong>communicet</strong></span> <span class='ocrx_word' id='word_1_119' title='bbox 1064 2107 1111 2171; x_wconf 85' lang='lat' dir='ltr'><strong>Re</strong></span> 
     </span>
     <span class='ocr_line' id='line_1_19' title="bbox 129 2208 1109 2293; baseline 0.002 -21"><span class='ocrx_word' id='word_1_120' title='bbox 129 2210 306 2291; x_wconf 85' lang='lat' dir='ltr'><strong>impetrata</strong></span> <span class='ocrx_word' id='word_1_121' title='bbox 321 2208 532 2283; x_wconf 85' lang='lat' dir='ltr'><strong>contendunt,</strong></span> <span class='ocrx_word' id='word_1_122' title='bbox 555 2217 592 2272; x_wconf 90' lang='lat' dir='ltr'><strong>ut</strong></span> <span class='ocrx_word' id='word_1_123' title='bbox 606 2210 688 2292; x_wconf 89' lang='lat' dir='ltr'><strong>ipsis</strong></span> <span class='ocrx_word' id='word_1_124' title='bbox 712 2229 839 2272; x_wconf 85' lang='lat' dir='ltr'><strong>summa</strong></span> <span class='ocrx_word' id='word_1_125' title='bbox 854 2209 983 2293; x_wconf 88' lang='lat' dir='ltr'><strong>imperii</strong></span> <span class='ocrx_word' id='word_1_126' title='bbox 997 2208 1109 2274; x_wconf 82' lang='lat' dir='ltr'><strong>trada-</strong></span> 
     </span>
     <span class='ocr_line' id='line_1_20' title="bbox 130 2309 1110 2387; baseline 0.002 -13"><span class='ocrx_word' id='word_1_127' title='bbox 130 2323 198 2387; x_wconf 86' lang='lat' dir='ltr'><strong>tur,</strong></span> <span class='ocrx_word' id='word_1_128' title='bbox 227 2321 260 2376; x_wconf 93' lang='lat' dir='ltr'><strong>et</strong></span> <span class='ocrx_word' id='word_1_129' title='bbox 287 2313 378 2376; x_wconf 91' lang='lat' dir='ltr'><strong>rein</strong></span> <span class='ocrx_word' id='word_1_130' title='bbox 402 2312 659 2377; x_wconf 86' lang='lat' dir='ltr'><strong>controversiam</strong></span> <span class='ocrx_word' id='word_1_131' title='bbox 685 2311 826 2376; x_wconf 87' lang='lat' dir='ltr'><strong>deducta</strong></span> <span class='ocrx_word' id='word_1_132' title='bbox 853 2314 955 2377; x_wconf 87' lang='lat' dir='ltr'><strong>totius</strong></span> <span class='ocrx_word' id='word_1_133' title='bbox 979 2309 1110 2378; x_wconf 80' lang='lat' dir='ltr'><strong>Galliae</strong></span> 
     </span>
     <span class='ocr_line' id='line_1_21' title="bbox 107 2414 1109 2484; baseline -0.004 0"><span class='ocrx_word' id='word_1_134' title='bbox 107 2414 304 2484; x_wconf 83' lang='lat' dir='ltr'><strong>sconeilium</strong></span> <span class='ocrx_word' id='word_1_135' title='bbox 319 2415 475 2479; x_wconf 88' lang='lat' dir='ltr'><strong>Bibracte</strong></span> <span class='ocrx_word' id='word_1_136' title='bbox 497 2415 661 2480; x_wconf 90' lang='lat' dir='ltr'><strong>indicitur.</strong></span> <span class='ocrx_word' id='word_1_137' title='bbox 684 2415 812 2480; x_wconf 87' lang='lat' dir='ltr'><strong>Eodem</strong></span> <span class='ocrx_word' id='word_1_138' title='bbox 829 2417 1032 2480; x_wconf 89' lang='lat' dir='ltr'><strong>conveniunt</strong></span> <span class='ocrx_word' id='word_1_139' title='bbox 1053 2439 1109 2480; x_wconf 89' lang='lat' dir='ltr'><strong>un·</strong></span> 
     </span>
     <span class='ocr_line' id='line_1_22' title="bbox 129 2517 1108 2604; baseline 0.003 -23"><span class='ocrx_word' id='word_1_140' title='bbox 129 2518 226 2603; x_wconf 86' lang='lat' dir='ltr'><strong>dique</strong></span> <span class='ocrx_word' id='word_1_141' title='bbox 250 2519 446 2603; x_wconf 84' lang='lat' dir='ltr'><strong>frequentes.</strong></span> <span class='ocrx_word' id='word_1_142' title='bbox 470 2517 691 2583; x_wconf 89' lang='lat' dir='ltr'><strong>Multitudinis</strong></span> <span class='ocrx_word' id='word_1_143' title='bbox 715 2519 878 2602; x_wconf 86' lang='lat' dir='ltr'><strong>suffragiis</strong></span> <span class='ocrx_word' id='word_1_144' title='bbox 900 2540 953 2582; x_wconf 89' lang='lat' dir='ltr'><strong>res</strong></span> <span class='ocrx_word' id='word_1_145' title='bbox 976 2521 1108 2604; x_wconf 85' lang='lat' dir='ltr'><strong>permit·</strong></span> 
     </span>
     <span class='ocr_line' id='line_1_23' title="bbox 126 2621 1108 2707; baseline 0.002 -21"><span class='ocrx_word' id='word_1_146' title='bbox 126 2625 221 2704; x_wconf 71' lang='lat' dir='ltr'><strong>titur,</strong></span> <span class='ocrx_word' id='word_1_147' title='bbox 244 2623 287 2687; x_wconf 87' lang='lat' dir='ltr'><strong>ad</strong></span> <span class='ocrx_word' id='word_1_148' title='bbox 309 2646 410 2687; x_wconf 93' lang='lat' dir='ltr'><strong>unum</strong></span> <span class='ocrx_word' id='word_1_149' title='bbox 434 2645 546 2687; x_wconf 90' lang='lat' dir='ltr'><strong>omnes</strong></span> <span class='ocrx_word' id='word_1_150' title='bbox 559 2624 862 2706; x_wconf 88' lang='lat' dir='ltr'><strong>Vercingetorigem</strong></span> <span class='ocrx_word' id='word_1_151' title='bbox 885 2621 1032 2707; x_wconf 90' lang='lat' dir='ltr'><strong>probant</strong></span> <span class='ocrx_word' id='word_1_152' title='bbox 1052 2625 1108 2688; x_wconf 92' lang='lat' dir='ltr'><strong>im-</strong></span> 
     </span>
     <span class='ocr_line' id='line_1_24' title="bbox 105 2725 1107 2811; baseline -0.001 -20"><span class='ocrx_word' id='word_1_153' title='bbox 105 2737 324 2811; x_wconf 81' lang='lat' dir='ltr'><strong>rperatorem.</strong></span> <span class='ocrx_word' id='word_1_154' title='bbox 350 2725 402 2790; x_wconf 89' lang='lat' dir='ltr'><strong>Ab</strong></span> <span class='ocrx_word' id='word_1_155' title='bbox 419 2727 481 2790; x_wconf 90' lang='lat' dir='ltr'><strong>hoc</strong></span> <span class='ocrx_word' id='word_1_156' title='bbox 499 2726 638 2791; x_wconf 89' lang='lat' dir='ltr'><strong>coneilio</strong></span> <span class='ocrx_word' id='word_1_157' title='bbox 655 2727 759 2803; x_wconf 88' lang='lat' dir='ltr'><strong>Remi,</strong></span> <span class='ocrx_word' id='word_1_158' title='bbox 776 2727 956 2810; x_wconf 88' lang='lat' dir='ltr'><strong>Lingones,</strong></span> <span class='ocrx_word' id='word_1_159' title='bbox 972 2726 1107 2792; x_wconf 75' lang='lat' dir='ltr'><strong>T10veri</strong></span> 
     </span>
     <span class='ocr_line' id='line_1_25' title="bbox 126 2828 1107 2917; baseline 0.001 -23"><span class='ocrx_word' id='word_1_160' title='bbox 126 2831 294 2895; x_wconf 82' lang='lat' dir='ltr'><strong>afuemnt:</strong></span> <span class='ocrx_word' id='word_1_161' title='bbox 323 2828 387 2910; x_wconf 90' lang='lat' dir='ltr'><strong>illi,</strong></span> <span class='ocrx_word' id='word_1_162' title='bbox 419 2830 507 2915; x_wconf 92' lang='lat' dir='ltr'><strong>quod</strong></span> <span class='ocrx_word' id='word_1_163' title='bbox 537 2832 713 2893; x_wconf 84' lang='lat' dir='ltr'><strong>amicitiam</strong></span> <span class='ocrx_word' id='word_1_164' title='bbox 741 2830 964 2895; x_wconf 89' lang='lat' dir='ltr'><strong>Romanorum</strong></span> <span class='ocrx_word' id='word_1_165' title='bbox 994 2853 1107 2917; x_wconf 79' lang='lat' dir='ltr'><strong>seque</strong></span> 
     </span>
    </p>
   </div>
   <div class='ocr_carea' id='block_1_3' title="bbox 102 2931 1107 3638">
    <p class='ocr_par' dir='ltr' id='par_1_4' title="bbox 102 2931 1107 3638">
     <span class='ocr_line' id='line_1_26' title="bbox 125 2931 1106 3018; baseline 0.001 -21"><span class='ocrx_word' id='word_1_166' title='bbox 125 2934 260 3016; x_wconf 80' lang='lat' dir='ltr'><strong>bantur3</strong></span> <span class='ocrx_word' id='word_1_167' title='bbox 274 2934 418 3010; x_wconf 84' lang='lat' dir='ltr'><strong>Treveri,</strong></span> <span class='ocrx_word' id='word_1_168' title='bbox 432 2933 519 3018; x_wconf 89' lang='lat' dir='ltr'><strong>quod</strong></span> <span class='ocrx_word' id='word_1_169' title='bbox 533 2933 671 2997; x_wconf 87' lang='lat' dir='ltr'><strong>aberant</strong></span> <span class='ocrx_word' id='word_1_170' title='bbox 685 2934 816 3017; x_wconf 89' lang='lat' dir='ltr'><strong>longius</strong></span> <span class='ocrx_word' id='word_1_171' title='bbox 828 2943 861 2998; x_wconf 92' lang='lat' dir='ltr'><strong>et</strong></span> <span class='ocrx_word' id='word_1_172' title='bbox 872 2933 914 2998; x_wconf 91' lang='lat' dir='ltr'><strong>ab</strong></span> <span class='ocrx_word' id='word_1_173' title='bbox 928 2931 1106 3000; x_wconf 80' lang='lat' dir='ltr'><strong>Germanis</strong></span> 
     </span>
     <span class='ocr_line' id='line_1_27' title="bbox 125 3037 1107 3123; baseline 0.002 -23"><span class='ocrx_word' id='word_1_174' title='bbox 125 3037 370 3122; x_wconf 87' lang='lat' dir='ltr'><strong>premebantur,</strong></span> <span class='ocrx_word' id='word_1_175' title='bbox 403 3059 487 3123; x_wconf 91' lang='lat' dir='ltr'><strong>quae</strong></span> <span class='ocrx_word' id='word_1_176' title='bbox 510 3037 572 3101; x_wconf 86' lang='lat' dir='ltr'><strong>fuit</strong></span> <span class='ocrx_word' id='word_1_177' title='bbox 595 3060 707 3116; x_wconf 84' lang='lat' dir='ltr'><strong>causa,</strong></span> <span class='ocrx_word' id='word_1_178' title='bbox 733 3060 833 3123; x_wconf 82' lang='lat' dir='ltr'><strong>quere</strong></span> <span class='ocrx_word' id='word_1_179' title='bbox 855 3047 926 3103; x_wconf 89' lang='lat' dir='ltr'><strong>toto</strong></span> <span class='ocrx_word' id='word_1_180' title='bbox 952 3037 1107 3104; x_wconf 80' lang='lat' dir='ltr'><strong>abessent</strong></span> 
     </span>
     <span class='ocr_line' id='line_1_28' title="bbox 104 3140 1105 3226; baseline 0.004 -23"><span class='ocrx_word' id='word_1_181' title='bbox 104 3140 211 3204; x_wconf 78' lang='lat' dir='ltr'><strong>abello</strong></span> <span class='ocrx_word' id='word_1_182' title='bbox 247 3150 279 3204; x_wconf 91' lang='lat' dir='ltr'><strong>et</strong></span> <span class='ocrx_word' id='word_1_183' title='bbox 312 3142 434 3205; x_wconf 89' lang='lat' dir='ltr'><strong>neutris</strong></span> <span class='ocrx_word' id='word_1_184' title='bbox 468 3140 594 3205; x_wconf 85' lang='lat' dir='ltr'><strong>auxilia</strong></span> <span class='ocrx_word' id='word_1_185' title='bbox 621 3143 795 3206; x_wconf 88' lang='lat' dir='ltr'><strong>mitterent.</strong></span> <span class='ocrx_word' id='word_1_186' title='bbox 839 3142 963 3226; x_wconf 87' lang='lat' dir='ltr'><strong>Magno</strong></span> <span class='ocrx_word' id='word_1_187' title='bbox 991 3141 1105 3207; x_wconf 89' lang='lat' dir='ltr'><strong>dolore</strong></span> 
     </span>
     <span class='ocr_line' id='line_1_29' title="bbox 125 3244 1106 3329; baseline 0.001 -19"><span class='ocrx_word' id='word_1_188' title='bbox 125 3244 233 3311; x_wconf 91' lang='lat' dir='ltr'><strong>Aedui</strong></span> <span class='ocrx_word' id='word_1_189' title='bbox 257 3244 365 3307; x_wconf 88' lang='lat' dir='ltr'><strong>ferunt</strong></span> <span class='ocrx_word' id='word_1_190' title='bbox 388 3266 422 3307; x_wconf 91' lang='lat' dir='ltr'><strong>se</strong></span> <span class='ocrx_word' id='word_1_191' title='bbox 446 3244 590 3308; x_wconf 90' lang='lat' dir='ltr'><strong>deiectos</strong></span> <span class='ocrx_word' id='word_1_192' title='bbox 614 3245 816 3329; x_wconf 89' lang='lat' dir='ltr'><strong>principatu,</strong></span> <span class='ocrx_word' id='word_1_193' title='bbox 839 3253 1021 3329; x_wconf 87' lang='lat' dir='ltr'><strong>queruntur</strong></span> <span class='ocrx_word' id='word_1_194' title='bbox 1043 3245 1106 3311; x_wconf 85' lang='lat' dir='ltr'><strong>for·</strong></span> 
     </span>
     <span class='ocr_line' id='line_1_30' title="bbox 125 3345 1104 3432; baseline 0.003 -21"><span class='ocrx_word' id='word_1_195' title='bbox 125 3358 225 3412; x_wconf 89' lang='lat' dir='ltr'><strong>tunae</strong></span> <span class='ocrx_word' id='word_1_196' title='bbox 254 3349 541 3411; x_wconf 89' lang='lat' dir='ltr'><strong>commutationem</strong></span> <span class='ocrx_word' id='word_1_197' title='bbox 570 3357 603 3411; x_wconf 92' lang='lat' dir='ltr'><strong>et</strong></span> <span class='ocrx_word' id='word_1_198' title='bbox 625 3345 778 3413; x_wconf 84' lang='lat' dir='ltr'><strong>Caesaris</strong></span> <span class='ocrx_word' id='word_1_199' title='bbox 805 3345 1047 3432; x_wconf 72' lang='lat' dir='ltr'><strong>indulgentiam</strong></span> <span class='ocrx_word' id='word_1_200' title='bbox 1071 3351 1104 3414; x_wconf 88' lang='lat' dir='ltr'><strong>iu</strong></span> 
     </span>
     <span class='ocr_line' id='line_1_31' title="bbox 126 3449 1105 3536; baseline 0.003 -22"><span class='ocrx_word' id='word_1_201' title='bbox 126 3474 161 3515; x_wconf 90' lang='lat' dir='ltr'><strong>se</strong></span> <span class='ocrx_word' id='word_1_202' title='bbox 176 3454 354 3536; x_wconf 90' lang='lat' dir='ltr'><strong>requirunt,</strong></span> <span class='ocrx_word' id='word_1_203' title='bbox 377 3471 484 3534; x_wconf 91' lang='lat' dir='ltr'><strong>neque</strong></span> <span class='ocrx_word' id='word_1_204' title='bbox 499 3460 608 3514; x_wconf 88' lang='lat' dir='ltr'><strong>tamen</strong></span> <span class='ocrx_word' id='word_1_205' title='bbox 632 3460 785 3536; x_wconf 89' lang='lat' dir='ltr'><strong>suscepto</strong></span> <span class='ocrx_word' id='word_1_206' title='bbox 808 3449 895 3515; x_wconf 92' lang='lat' dir='ltr'><strong>bello</strong></span> <span class='ocrx_word' id='word_1_207' title='bbox 911 3472 1007 3516; x_wconf 89' lang='lat' dir='ltr'><strong>suum</strong></span> <span class='ocrx_word' id='word_1_208' title='bbox 1030 3472 1105 3517; x_wconf 89' lang='lat' dir='ltr'><strong>con·</strong></span> 
     </span>
     <span class='ocr_line' id='line_1_32' title="bbox 102 3551 1103 3638; baseline 0.005 -22"><span class='ocrx_word' id='word_1_209' title='bbox 102 3553 233 3618; x_wconf 87' lang='lat' dir='ltr'><strong>ssilium</strong></span> <span class='ocrx_word' id='word_1_210' title='bbox 256 3551 299 3617; x_wconf 92' lang='lat' dir='ltr'><strong>ab</strong></span> <span class='ocrx_word' id='word_1_211' title='bbox 321 3552 454 3637; x_wconf 88' lang='lat' dir='ltr'><strong>reliquis</strong></span> <span class='ocrx_word' id='word_1_212' title='bbox 479 3575 633 3638; x_wconf 90' lang='lat' dir='ltr'><strong>separare</strong></span> <span class='ocrx_word' id='word_1_213' title='bbox 656 3553 787 3619; x_wconf 84' lang='lat' dir='ltr'><strong>audent</strong></span> <span class='ocrx_word' id='word_1_214' title='bbox 832 3553 931 3619; x_wconf 87' lang='lat' dir='ltr'><strong>Inviti</strong></span> <span class='ocrx_word' id='word_1_215' title='bbox 954 3576 1103 3621; x_wconf 88' lang='lat' dir='ltr'><strong>summae</strong></span> 
     </span>
    </p>
   </div>
   <div class='ocr_carea' id='block_1_4' title="bbox 0 0 1220 4028">
    <p class='ocr_par' dir='ltr' id='par_1_5' title="bbox 0 0 1220 4028">
     <span class='ocr_line' id='line_1_33' title="bbox 0 0 1220 4028; baseline 0 5"><span class='ocrx_word' id='word_1_216' title='bbox 0 0 1220 4028; x_wconf 95' lang='lat' dir='ltr'><strong> </strong></span> 
     </span>
    </p>
   </div>
  </div>
 </body>
</html>
