2430 4028
123 279 165 343 36
432 281 482 330 nn
501 281 620 331 annno
641 280 799 332 cannino

101 472 201 556 oquin
230 472 263 534 in
297 479 428 536 nostros
458 469 524 535 tela
553 471 749 535 conicerent.
795 470 958 555 Legatum
988 495 1005 535 c
1036 475 1108 539 suis

124 597 196 641 sese
231 597 350 660 magno
386 597 461 638 cum
495 573 640 660 periculo
680 573 723 638 ad
757 596 830 639 eum
863 577 1038 640 missurum
1072 584 1108 642 et

102 678 311 744 4hominibus
341 679 418 744 feris
448 677 651 744 obiecturum
686 678 908 743 existimabat.
953 676 1109 745 Commo·

126 781 295 848 dissimum
328 783 434 846 visum
471 789 521 846 est
559 780 680 847 Gaium
713 781 882 846 Valerium
914 781 1107 858 Procillum,

125 884 161 949 C.
186 885 299 952 Valeri
321 883 444 949 Caburi
467 884 578 968 filium,
603 908 731 950 summa
753 887 873 950 virtute
896 894 928 950 et
958 884 1107 952 humani-

125 998 191 1054 tate
207 988 463 1069 adulescentem,
480 992 572 1054 cuius
590 998 682 1072 pater
699 1012 719 1053 a
733 986 817 1052 Gaio
830 987 964 1053 Valerio
978 988 1106 1056 Flacco

125 1095 259 1158 civitate
288 1092 428 1159 donatus
457 1101 538 1172 erat,
567 1101 601 1158 et
629 1102 762 1179 proptor
783 1092 883 1157 fidem
912 1100 944 1157 et
971 1102 1110 1179 propter

125 1197 256 1279 linguae
281 1195 431 1261 Gallicae
462 1198 651 1276 scientiam,
685 1219 750 1283 qua
783 1195 886 1260 multa
920 1196 986 1260 iam
1009 1196 1108 1261 Ario·

124 1302 227 1365 vistus
250 1300 430 1386 longinqua
453 1301 689 1366 consuetudine
713 1299 874 1382 utebatur,
904 1309 937 1364 et
960 1299 1049 1385 quod
1072 1301 1108 1364 in

126 1427 164 1469 eo
198 1403 358 1490 peccandi
383 1405 556 1468 Germanis
591 1427 692 1470 causa
723 1425 790 1469 non
814 1414 917 1486 esset,
951 1402 996 1469 ad
1030 1426 1108 1470 eum

126 1509 252 1572 mittere
282 1517 314 1571 et
336 1507 483 1572 Marcum
512 1508 662 1589 Metium,
687 1509 741 1592 qui
772 1507 914 1591 hospitio
945 1505 1108 1572 Ariovisti

23 1647 24 1650 κ
104 1609 287 1676 sutebatur.
312 1611 373 1677 His
396 1610 573 1687 mandavit,
597 1619 643 1693 ut,
667 1634 751 1697 quae
768 1611 892 1676 diceret
906 1609 1108 1688 Ariovistus,

104 1725 362 1799 ecognoscerent
397 1724 429 1778 et
463 1715 505 1779 ad
535 1737 570 1780 se
595 1715 763 1779 referrent.
800 1713 892 1795 Quos
920 1735 994 1778 cum
1017 1713 1110 1799 apud

127 1841 161 1883 se
189 1819 222 1882 in
247 1821 363 1884 castris
387 1817 572 1884 Ariovistus
602 1820 839 1903 conspexisset,
866 1819 1014 1882 exercitu
1046 1839 1108 1883 suo

126 1932 299 2005 praesente
330 1921 572 1986 conclamavit:
607 1920 685 2006 quid
714 1920 757 1985 ad
791 1944 825 1986 se
858 1920 1030 1986 venirent?
1064 1943 1110 1986 an

127 2024 320 2108 speculandi
343 2023 467 2089 causa?
496 2023 662 2089 Conantes
686 2024 795 2090 dicere
818 2023 985 2108 prohibuit
1012 2033 1045 2090 et
1068 2027 1105 2089 in

127 2136 263 2194 catenas
288 2131 438 2193 coniecit.

213 2231 264 2298 48.
288 2231 416 2297 Eodem
440 2232 491 2296 die
508 2240 618 2296 castra
642 2232 804 2316 promovit
828 2239 860 2295 et
875 2229 1006 2297 milibus
1031 2253 1110 2316 pas·

129 2359 221 2402 suurn
247 2360 304 2402 sex
335 2349 355 2401 a
384 2335 536 2403 Caesaris
571 2337 689 2400 castris
719 2333 779 2400 sub
809 2344 919 2399 monte
948 2335 1110 2402 consedit.

106 2440 290 2506 aPostridie
312 2443 381 2506 eius
406 2441 469 2506 diei
493 2449 623 2527 praeter
646 2448 756 2506 castra
779 2438 931 2505 Caesaris
955 2461 1031 2506 suas
1055 2463 1110 2505 co·

129 2547 202 2628 pias
227 2545 376 2611 traduxit
398 2554 431 2610 et
451 2544 583 2611 milibus
599 2566 758 2630 passuum
775 2543 902 2610 duobus
924 2542 1011 2608 ultra
1034 2566 1111 2609 eum

128 2657 237 2712 castra
255 2651 343 2731 fecit,
368 2670 405 2712 eo
430 2647 578 2728 consilio,
597 2649 644 2711 uti
667 2647 829 2712 frumento
845 2655 1110 2732 commeatuque,

128 2753 182 2836 qui
206 2775 248 2815 ex
272 2750 435 2837 Sequanis
460 2761 492 2815 et
506 2749 632 2815 Aeduis
657 2750 914 2834 subportaretur,
932 2748 1111 2814 Caesarem

105 2853 368 2920 aintereluderet.
413 2855 467 2919 Ex
502 2877 540 2919 eo
576 2854 629 2918 die
664 2854 733 2919 dies
763 2857 936 2919 continuos
967 2854 1111 2939 quinque

129 2956 253 3025 Caesar
276 2981 335 3044 pro
360 2961 477 3024 castris
508 2981 585 3023 suas
613 2958 727 3042 copias
755 2958 911 3043 produxit
944 2966 977 3020 et
1005 2959 1112 3021 aciem

127 3064 320 3126 instructam
343 3061 473 3140 habuit,
509 3071 564 3144 ut,
601 3047 751 3125 si'uellet
773 3060 960 3125 Ariovistus
983 3059 1110 3144 proelio

106 3164 334 3245 econtendere
358 3166 387 3229 ei
411 3173 557 3249 potestas
580 3185 645 3228 non
670 3163 808 3228 deesset.
849 3161 1035 3228 Ariovistus
1059 3163 1111 3230 his

130 3269 279 3335 omnibus
297 3267 411 3334 diebus
435 3268 617 3332 exercitum
640 3269 756 3332 castris
773 3268 942 3349 continuit,
966 3269 1113 3351 equestri

128 3371 253 3457 proelio
277 3371 398 3438 cotidie
421 3371 602 3437 contendit.
649 3370 762 3435 Genus
789 3370 851 3434 hoc
875 3378 946 3434 erat
968 3391 1112 3455 pugnae,

60 3460 62 3465 ,
107 3497 193 3560 aquo
217 3499 252 3541 se
276 3476 433 3543 Germani
464 3485 689 3541 exercuerant.
724 3476 880 3560 Equitum
903 3473 994 3540 milia
1017 3485 1113 3540 erant

130 3602 198 3661 sex,
210 3580 346 3648 totidem
362 3603 497 3646 numero
515 3580 642 3669 pedites
654 3580 852 3646 velocissimi
865 3600 905 3645 ac
924 3578 1107 3663 fortissimi,
