2430 4028
393 275 504 324 ninus
522 274 573 339 111,
592 275 669 329 cnr.
689 276 799 325 21-25.
1049 278 1088 342 77

107 464 189 528 taris
205 462 328 529 habere
351 464 634 529 existimabantur.
659 465 702 528 Hi
719 465 955 531 consuetudine
974 468 1110 553 populis

106 568 248 632 Romani
271 566 345 633 loca
368 589 503 654 capere,
539 578 648 633 castra
679 570 814 651 munire,
848 569 1087 635 commeatibus

105 681 239 736 nostros
267 671 482 736 intercludere
511 673 692 736 instituunt.
740 672 837 752 Quod
868 671 922 736 ubi
947 671 1109 744 Crassusr

108 774 348 855 animadvertit,
380 797 457 838 suas
481 778 596 859 copias
620 785 754 860 propter
777 776 992 858 exiguitatem
1021 800 1087 842 non

106 876 207 942 facile
231 876 356 962 diduci,
388 877 515 944 hostem
539 890 571 944 ct
594 882 707 963 vagari
732 889 765 944 et
787 881 858 944 vias
883 879 1033 945 obsidere
1057 892 1089 944 et

103 984 226 1047 castris
255 985 335 1046 satis
363 983 518 1066 praesidii
547 984 745 1068 relinquere,
776 983 818 1047 ob
847 1007 919 1048 eam
953 1005 1087 1049 causam

104 1087 215 1150 minus
255 1087 426 1152 commode
467 1088 665 1153 frumentum
702 1097 984 1172 commeatumque
1027 1089 1089 1152 sibi

105 1192 306 1275 supportari,
336 1191 369 1253 in
398 1190 467 1256 dies
496 1190 638 1256 hostium
668 1214 838 1256 numerum
862 1193 990 1276 augeri,
1021 1214 1088 1257 non

104 1291 327 1359 cunctandum
344 1296 556 1378 existimavit,
574 1296 651 1380 quin
670 1317 781 1379 pugna
798 1294 988 1360 decertaret.
1013 1296 1110 1361 Haeo

103 1421 139 1462 re
165 1397 209 1463 ad
233 1398 405 1463 consilium
428 1399 548 1482 delata,
572 1399 627 1464 ubi
652 1422 764 1464 omnes
788 1400 876 1464 idem
900 1402 1018 1466 sentire
1041 1402 1087 1466 in·

104 1501 243 1583 tellexit,
266 1512 433 1587 posterum
458 1503 543 1567 diem
568 1525 697 1588 pugnae
718 1503 900 1567 constituit.

194 1605 246 1669 24.
270 1607 379 1670 Prima
395 1607 467 1672 luce
484 1607 653 1692 productis
670 1606 820 1671 omnibns
843 1609 948 1692 copiis
965 1606 1088 1692 duplici

105 1711 180 1775 acie
209 1709 370 1794 instituta,
402 1712 534 1776 auxiliis
563 1714 595 1775 in
619 1711 762 1776 mediam
785 1711 889 1776 aciem
920 1712 1087 1794 coniectis,

104 1814 187 1899 quid
210 1814 322 1879 hostes
346 1814 474 1878 consilii
497 1824 661 1900 caperent,
687 1815 912 1899 exspectabat.
941 1813 1003 1893 Illi,
1028 1817 1111 1880 etsia

103 1925 243 2004 propter
264 1917 505 1983 multitudinem
529 1928 560 1983 et
582 1928 725 1984 veterem
748 1917 826 1984 belli
846 1919 985 2002 gloriam
1008 1941 1090 2003 pau-

104 2021 306 2107 citatemque
326 2031 514 2087 nostrorum
538 2046 572 2087 se
595 2032 665 2087 tuto
690 2022 901 2087 dimicaturos
925 2022 1090 2086 existima·

103 2125 199 2207 bant,
222 2133 332 2190 tamen
354 2128 456 2191 tutius
480 2148 552 2189 esse
576 2124 821 2190 arbitrabantur
854 2125 997 2189 obsessis
1027 2125 1088 2188 viis

103 2239 292 2294 commeatu
314 2229 489 2294 intercluso
514 2230 583 2292 sine
606 2228 672 2293 ullo
688 2228 821 2293 vulnere
837 2229 976 2293 victoria
992 2229 1088 2313 potiri

103 2342 148 2415 et,
174 2333 202 2396 si
218 2340 352 2417 propter
373 2333 519 2416 inopiam
536 2333 582 2396 rei
605 2332 836 2396 frumentariae
853 2333 992 2396 Romani
1015 2353 1110 2395 seseo

103 2432 254 2523 recipere
270 2438 465 2522 coepissent,
490 2435 664 2520 impeditos
687 2438 720 2499 in
744 2437 872 2519 agmine
896 2448 928 2503 et
945 2437 1005 2501 sub
1023 2457 1089 2500 sar·

101 2539 190 2605 cinis
211 2540 388 2604 infirmiore
412 2540 521 2604 animo
544 2538 667 2603 adoriri
691 2540 894 2623 cogitabant.
918 2534 993 2606 Hoc
1012 2562 1111 2604 con-4

101 2643 179 2709 silio
214 2643 354 2729 probato
389 2643 431 2708 ab
466 2642 625 2726 ducibus,
660 2645 829 2728 productis
867 2645 1088 2709 Romanorum

99 2748 222 2832 copiis,
258 2748 483 2811 assessoris
516 2746 682 2811 tenebant.
735 2747 810 2811 Hac
843 2770 878 2811 re
912 2755 1109 2831 perspectas

100 2851 247 2916 Crassus
270 2872 344 2915 cum
369 2873 429 2915 sua
451 2852 659 2914 cunctatione
694 2850 803 2936 [atque
828 2852 980 2936 opinione
1003 2851 1087 2914 timi·

100 2952 229 3036 diores]
254 2953 367 3018 hostes
390 2963 520 3018 nostros
535 2952 655 3018 milites
679 2954 857 3019 alacriores
882 2953 924 3018 ad
940 2976 1087 3038 pugnan-

101 3061 184 3125 dum
219 3057 412 3139 effecissent,
448 3066 546 3144 atque
576 3059 718 3122 omnium
753 3080 851 3123 voces
886 3058 1085 3140 audirentur,

99 3164 291 3247 exspectari
325 3161 445 3226 diutius
480 3183 544 3226 non
580 3171 750 3247 oportere,
787 3163 863 3247 quin
901 3159 943 3223 ad
977 3170 1086 3226 castra

100 3271 216 3354 iretur,
240 3266 431 3331 cohortatus
456 3287 533 3330 suos
558 3265 708 3331 omnibus
732 3264 939 3350 cupientibus
962 3264 1005 3329 ad
1029 3265 1086 3330 ho·

101 3371 207 3435 stium
230 3380 340 3436 castra
363 3369 541 3434 contendit.

190 3469 244 3536 25.
262 3471 319 3538 lbi
342 3495 416 3538 cum
439 3473 494 3538 alii
516 3473 624 3538 fossas
648 3472 865 3558 complerent,
896 3471 950 3537 alii
974 3472 1084 3538 multis

99 3577 178 3644 telis
201 3577 360 3642 coniectis
385 3576 573 3642 defensores
596 3576 684 3641 vallo
708 3575 1006 3661 munitionibusque
1031 3576 1083 3641 dc·
