2430 4028
126 257 187 324 186
427 261 477 312 DE
496 261 617 312 BELLO
639 260 798 313 Gsnnlco

209 447 260 511 24.
284 447 347 512 His
371 456 420 512 tot
435 446 533 513 rebus
548 450 705 534 impedita
721 451 969 535 oppugnatione
979 450 1110 533 milites,

123 575 197 617 cnm
221 560 290 616 toto
314 560 462 636 tempore
484 550 608 636 frigore
637 561 670 616 et
697 552 839 619 assiduis
861 551 1022 621 imbribus
1046 565 1110 621 tar-

123 657 296 734 darentur,
326 664 436 719 tamen
469 656 647 720 continenti
679 654 793 721 labore
817 658 929 722 omnia
950 656 1034 722 baec
1059 683 1110 724 su-

124 769 320 846 peraverunt
351 768 385 823 et
414 757 530 822 diebus
559 775 632 821 xxv
662 781 816 844 aggerem
848 759 976 843 [latum]
1004 762 1110 848 pedes

122 882 260 928 cccxxx
297 863 442 945 longum,
481 862 582 926 altum
611 862 713 946 pedes
741 881 836 927 cxxx
866 872 1111 931 exstruxerunt.

101 966 206 1032 ²Oum
229 969 256 1032 is
272 989 399 1033 murum
415 965 557 1030 hostium
579 987 685 1050 paene
701 966 915 1049 contingeret,
936 976 970 1033 et
984 966 1111 1037 Caesar

122 1073 165 1137 ad
194 1094 276 1158 opus
306 1069 541 1136 consuetudine
575 1068 756 1134 excubaret
785 1070 969 1156 militesque
998 1072 1110 1139 hortu·

123 1185 220 1258 retur,
245 1176 390 1262 nequod
414 1176 545 1240 omnino
570 1185 699 1262 tempus
723 1176 766 1240 ab
791 1198 889 1260 opere
912 1179 1109 1245 intermitte-

123 1289 220 1362 retur,
238 1279 337 1363 paulo
360 1289 436 1343 ante
456 1280 587 1344 tertiam
603 1279 751 1362 vigiliam
776 1290 827 1343 est
842 1280 1109 1348 animadversum

123 1383 248 1448 fumare
282 1405 446 1467 aggerem,
483 1405 579 1468 quem
608 1382 759 1448 cuniculo
788 1382 901 1449 hostes
931 1386 1109 1452 succende·

100 1496 206 1563 erant,
230 1485 410 1570 eodemque
426 1496 575 1571 tempore
598 1496 667 1551 toto
691 1510 784 1553 muro
808 1487 952 1555 clamore
976 1489 1107 1557 sublato

123 1589 250 1654 duabus
284 1592 387 1675 portis
424 1589 465 1654 ab
497 1600 636 1676 utroque
671 1590 773 1656 latere
809 1593 946 1657 turrium
979 1597 1107 1680 eruptio

100 1692 233 1758 ofiebat.
277 1693 342 1759 Alii
366 1694 456 1758 faces
480 1705 578 1779 atque
603 1693 731 1760 aridam
755 1697 926 1761 materiem
949 1696 992 1762 de
1013 1720 1105 1763 muro

122 1799 154 1861 in
178 1819 332 1881 aggerem
355 1800 482 1863 eminus
505 1796 681 1880 iaciebant,
699 1801 804 1882 picem
819 1797 1029 1886 reliquusque
1044 1825 1105 1879 res,

123 1900 239 1984 quibus
273 1903 357 1982 ignis
394 1903 531 1966 excitari
566 1911 690 1986 potest,
725 1902 925 1984 fundebant,
959 1914 1014 1987 ut,
1044 1927 1107 1992 quo

123 2006 261 2087 primum
296 2014 480 2069 curreretur
513 2015 570 2069 aut
604 2006 656 2068 oui
690 2007 736 2069 rei
766 2007 904 2071 ferretur
935 2007 1105 2085 auxilium,

100 2109 177 2171 svix
200 2110 284 2172 ratio
308 2110 382 2172 iniri
407 2119 526 2193 posset.
572 2109 708 2182 Tamen,
741 2110 830 2194 quod
852 2110 1003 2176 instituto
1026 2110 1106 2177 Gae-

122 2212 205 2274 saris
229 2232 358 2294 semper
381 2209 465 2276 duae
489 2210 634 2295 legiones
658 2233 717 2296 pro
742 2215 861 2278 castris
893 2213 1106 2281 excubabant

122 2311 296 2397 pluresque
319 2313 448 2397 partitis
480 2312 683 2398 temporibus
707 2323 801 2379 erant
834 2316 867 2379 in
891 2336 1003 2400 opere,
1026 2318 1106 2384 cele·

121 2417 200 2479 riter
232 2415 356 2480 laetum
392 2426 458 2497 est,
492 2425 528 2480 ut
556 2416 611 2480 alii
643 2415 871 2502 eruptionibus
903 2421 1105 2503 resisterent,

120 2520 176 2583 alii
208 2530 312 2585 turres
340 2520 533 2584 reducerent
566 2542 785 2605 aggeremque
821 2521 1103 2605 interscinderent,

122 2624 226 2687 omnis
250 2645 326 2688 vero
356 2647 398 2688 ex
422 2625 540 2688 castris
563 2623 737 2689 multitudo
767 2623 811 2688 ad
837 2627 1103 2710 restinguendum

121 2736 343 2792 concurreret.

206 2830 258 2896 25.
284 2828 366 2894 Cum
390 2833 423 2893 in
448 2829 598 2895 omnibus
621 2829 703 2895 locis
719 2841 918 2915 consumpta
941 2834 1010 2901 iam
1032 2835 1104 2901 reli·

121 2956 186 3018 qua
220 2943 313 3018 parte
347 2937 453 2998 noctis
482 2943 694 3018 pugnaretur,
731 2957 926 3021 semperque
952 2933 1105 3005 hostibus

121 3060 196 3122 spes
219 3037 376 3103 victoriae
399 3039 686 3122 redintegraretur,
711 3061 750 3103 eo
774 3040 890 3122 magis,
914 3040 1005 3125 quod
1027 3041 1103 3109 den·

119 3150 190 3204 etos
212 3140 342 3225 pluteos
366 3142 500 3206 turrium
516 3140 675 3206 videbant
691 3162 751 3206 nee
774 3143 872 3209 facile
895 3143 989 3209 adire
1012 3168 1104 3232 aper

122 3254 174 3309 tos
212 3243 255 3309 ad
289 3244 516 3309 auxiliandum
553 3245 876 3328 animadvertebant,
910 3268 1104 3335 semperque

121 3349 183 3433 ipsi
206 3357 354 3413 recentes
370 3348 509 3415 defessis
528 3348 742 3414 succederent
760 3371 954 3436 omnemque
971 3349 1104 3421 Galliae

122 3451 260 3517 salutem
289 3452 323 3516 in
352 3451 408 3517 illo
437 3453 575 3534 vestigio
605 3455 763 3538 temporis
791 3456 934 3539 positam
964 3456 1102 3525 arbitra·

121 3563 246 3634 rentur,
282 3554 403 3620 accidit
430 3554 691 3638 inspectantibus
713 3554 825 3637 nobis,
858 3556 947 3642 quod
968 3558 1102 3644 dignun
