2430 4028
142 247 204 314 152
443 252 493 300 nn
512 251 632 302 nunno
652 249 811 301 cnnmco

137 441 212 508 leco
237 452 441 509 consecrato.
485 442 561 509 Huc
585 465 698 508 omnes
720 442 880 530 undique,
910 445 966 530 qui
981 455 1119 511 contro·

138 548 263 612 versiae
287 544 427 626 habent,
452 546 653 612 conveniunt
675 568 852 633 eorumque
874 545 1016 612 decretis
1039 548 1121 615 iudi·

102 677 127 715 11
137 651 261 735 ciisque
284 659 412 736 parent.
435 649 620 736 Disciplina
635 652 670 716 in
684 650 857 714 Britannia
872 659 1004 736 reperta
1021 661 1120 739 atque

101 781 127 820 ιε
136 753 212 818 inde
235 755 268 818 in
285 753 430 819 Galliam
446 753 607 820 translata
629 775 702 820 esse
725 755 943 833 existimatur,
966 762 1000 819 et
1023 778 1118 834 nunc,

136 859 191 940 qui
203 857 391 941 diligentius
407 880 480 923 eam
491 881 560 924 rem
573 879 773 944 cognoscere
785 856 909 941 volunt,
925 858 1119 947 plerumque

135 960 192 1026 illo
217 960 365 1025 discendi
389 983 491 1027 causa
513 961 777 1047 proficiscuntur.

222 1063 273 1129 14.
295 1064 439 1152 Druides
470 1087 491 1129 a
522 1064 606 1130 bello
638 1064 755 1131 abesse
784 1075 985 1132 consuerunt
1011 1089 1118 1155 neque

135 1165 258 1232 tributa
280 1190 347 1233 una
380 1190 455 1233 cum
483 1169 616 1254 reliquis
647 1168 809 1254 pendunt,
842 1169 991 1253 [militiae
1020 1192 1118 1236 vaca·

134 1270 269 1356 tionem]
309 1273 518 1358 omniumque
555 1293 664 1338 rerum
703 1270 828 1338 habent
866 1273 1117 1339 immunitatem.

112 1374 251 1440 aTantis
275 1376 411 1439 excitati
428 1376 582 1461 praemiis
606 1384 639 1440 et
661 1398 720 1439 sua
738 1384 856 1460 sponte
879 1373 972 1441 multi
994 1378 1031 1442 in
1055 1377 1117 1443 dis·

135 1477 290 1563 ciplinam
313 1481 514 1543 conveniunt
542 1488 575 1543 et
598 1502 618 1543 a
641 1479 833 1563 parentibus
859 1481 1118 1568 propinquisque

112 1584 315 1649 emittuntur.
349 1583 508 1668 Magnum
530 1583 576 1649 ibi
598 1606 767 1649 numerum
789 1605 945 1649 versuum
967 1583 1117 1652 ediscere

136 1687 300 1752 dicuntur.
319 1687 436 1773 Itaque
453 1710 560 1753 annos
575 1686 723 1754 nonnulli
740 1688 876 1753 vicenos
890 1688 926 1752 in
941 1687 1118 1774 disciplina

135 1797 339 1876 permanent.
384 1790 499 1876 Neque
531 1792 584 1857 fas
613 1813 685 1855 esse
716 1792 908 1856 existimant
937 1812 980 1856 ea
1000 1790 1117 1859 litteris

136 1892 304 1975 mandare,
330 1916 404 1959 cum
419 1895 452 1959 in
475 1895 611 1980 reliquis
625 1895 694 1959 fere
708 1894 819 1978 rebus,
843 1893 987 1981 publicis
1010 1897 1117 1981 priva·

112 1988 220 2083 stisqe
247 1995 430 2063 rationibus
456 1997 593 2063 Graecis
622 1999 739 2063 litteris
772 2007 916 2064 utantur.
962 1997 1003 2064 Id
1041 1998 1118 2064 mihi

135 2101 262 2166 duabus
292 2102 332 2167 de
363 2104 473 2169 causis
495 2104 678 2167 instituisse
700 2101 869 2185 videntur,
899 2100 989 2187 quod
1011 2125 1117 2190 neque

81 2256 83 2266 .
133 2207 166 2269 in
188 2205 324 2289 vulgum
347 2205 556 2292 disciplinam
579 2207 685 2271 efferri
706 2205 811 2270 velint
834 2226 939 2290 neque
962 2226 1039 2290 eos,
1064 2209 1117 2293 qui

133 2309 280 2394 discunt,
310 2311 426 2376 litteris
458 2310 601 2376 confisos
630 2311 738 2375 minus
761 2308 940 2374 memoriae
967 2308 1116 2393 studere

135 2413 225 2498 quod
248 2414 316 2479 fere
340 2413 504 2499 plerisque
527 2413 658 2494 accidit,
683 2423 718 2477 ut
742 2411 908 2497 praesidio
931 2410 1117 2479 litterarum

136 2517 340 2601 diligentiam
364 2520 398 2583 in
420 2516 639 2603 perdiscendo
663 2539 702 2581 ac
725 2516 917 2581 memoriam
939 2517 1116 2582 remittant.

112 2621 298 2704 slmprimis
314 2621 377 2686 hoc
392 2620 506 2686 volunt
523 2619 732 2706 persuadere,
749 2641 816 2684 nou
831 2619 962 2683 interire
978 2620 1116 2695 animas,

135 2723 193 2787 sed
216 2723 258 2787 ab
283 2723 356 2788 aliis
385 2733 462 2808 post
490 2732 629 2788 mortem
651 2724 791 2787 transire
813 2721 858 2786 ad
888 2720 989 2806 alios,
1019 2732 1117 2810 atque

134 2824 198 2889 hoc
214 2828 359 2891 maximo
375 2825 419 2890 ad
434 2828 588 2891 virtutem
605 2825 743 2890 excitari
766 2833 884 2910 putant
898 2833 989 2892 metu
1002 2828 1116 2893 mortis

111 2928 293 3013 eneglecto.
317 2928 423 2993 Multa
446 2938 617 3014 praeterea
640 2928 680 2993 de
698 2927 860 2995 sideribus
881 2937 982 3015 atque
1004 2953 1116 2997 eorum

132 3041 234 3115 motu,
260 3032 299 3097 de
315 3032 429 3098 mundi
445 3055 485 3096 ao
508 3041 668 3097 terrarum
683 3032 920 3117 magnitudine,
943 3032 986 3099 de
1008 3056 1116 3101 rerum

132 3144 261 3216 natura,
286 3136 325 3201 de
343 3136 480 3201 deorum
498 3135 732 3201 immortalium
754 3137 788 3200 vi
812 3158 851 3200 ac
868 3144 1035 3222 potestate
1057 3137 1117 3203 dis·

135 3247 254 3324 putant
280 3248 313 3304 et
334 3239 494 3304 iuventuti
517 3238 660 3304 tradunt.

220 3340 271 3408 15.
300 3341 450 3407 Alterum
479 3362 584 3426 genus
614 3351 664 3408 est
687 3342 844 3428 equitum.
890 3341 945 3427 Hi,
969 3365 1047 3410 cum
1069 3351 1116 3409 est

133 3468 211 3511 usus
240 3455 338 3533 atque
367 3445 503 3532 aliquod
530 3444 654 3510 bellum
676 3445 792 3511 incidit
816 3444 917 3531 (quod
948 3445 1018 3511 fere
1041 3454 1115 3512 ante

133 3549 285 3622 Caesaris
314 3550 493 3616 adventum
523 3551 697 3634 quotannis
732 3548 884 3615 accidere
907 3547 1047 3634 solebat,
1071 3550 1114 3614 uti
