<?xml version="1.0" encoding="UTF-8"?>
<!DOCTYPE html PUBLIC "-//W3C//DTD XHTML 1.0 Transitional//EN"
    "http://www.w3.org/TR/xhtml1/DTD/xhtml1-transitional.dtd">
<html xmlns="http://www.w3.org/1999/xhtml" xml:lang="en" lang="en">
 <head>
  <title>
</title>
<meta http-equiv="Content-Type" content="text/html;charset=utf-8" />
  <meta name='ocr-system' content='tesseract 3.04.00' />
  <meta name='ocr-capabilities' content='ocr_page ocr_carea ocr_par ocr_line ocrx_word'/>
</head>
<body>
  <div class='ocr_page' id='page_1' title='image "./ciuliicaesarisc01hoffgoog_0232.png"; bbox 0 0 2430 4028; ppageno 0'>
   <div class='ocr_carea' id='block_1_1' title="bbox 351 251 1046 318">
    <p class='ocr_par' dir='ltr' id='par_1_1' title="bbox 351 251 1046 318">
     <span class='ocr_line' id='line_1_1' title="bbox 351 251 1046 318; baseline 0.001 -14"><span class='ocrx_word' id='word_1_1' title='bbox 351 255 461 305; x_wconf 49' lang='lat' dir='ltr'><strong>rimus</strong></span> <span class='ocrx_word' id='word_1_2' title='bbox 479 254 537 318; x_wconf 82' lang='lat' dir='ltr'><strong>vn,</strong></span> <span class='ocrx_word' id='word_1_3' title='bbox 558 253 635 304; x_wconf 79' lang='lat' dir='ltr'><strong>car.</strong></span> <span class='ocrx_word' id='word_1_4' title='bbox 655 255 764 304; x_wconf 77' lang='lat' dir='ltr'><strong>rs-ar.</strong></span> <span class='ocrx_word' id='word_1_5' title='bbox 982 251 1046 316; x_wconf 73' lang='lat'><strong>223</strong></span> 
     </span>
    </p>
   </div>
   <div class='ocr_carea' id='block_1_2' title="bbox 10 443 1074 3528">
    <p class='ocr_par' dir='ltr' id='par_1_2' title="bbox 63 443 1052 531">
     <span class='ocr_line' id='line_1_2' title="bbox 63 443 1052 531; baseline -0.006 -19"><span class='ocrx_word' id='word_1_6' title='bbox 63 470 117 512; x_wconf 89' lang='lat' dir='ltr'><strong>res</strong></span> <span class='ocrx_word' id='word_1_7' title='bbox 140 445 317 531; x_wconf 80' lang='lat' dir='ltr'><strong>gerebatur</strong></span> <span class='ocrx_word' id='word_1_8' title='bbox 340 467 444 530; x_wconf 90' lang='lat' dir='ltr'><strong>neque</strong></span> <span class='ocrx_word' id='word_1_9' title='bbox 467 452 556 508; x_wconf 89' lang='lat' dir='ltr'><strong>recte</strong></span> <span class='ocrx_word' id='word_1_10' title='bbox 579 465 619 508; x_wconf 88' lang='lat' dir='ltr'><strong>ac</strong></span> <span class='ocrx_word' id='word_1_11' title='bbox 643 446 778 528; x_wconf 85' lang='lat' dir='ltr'><strong>turpiter</strong></span> <span class='ocrx_word' id='word_1_12' title='bbox 801 444 925 508; x_wconf 87' lang='lat' dir='ltr'><strong>factum</strong></span> <span class='ocrx_word' id='word_1_13' title='bbox 949 443 1052 507; x_wconf 89' lang='lat' dir='ltr'><strong>celari</strong></span> 
     </span>
    </p>

    <p class='ocr_par' dir='ltr' id='par_1_3' title="bbox 64 546 1051 636">
     <span class='ocr_line' id='line_1_3' title="bbox 64 546 1051 636; baseline -0.005 -20"><span class='ocrx_word' id='word_1_14' title='bbox 64 558 207 636; x_wconf 84' lang='lat' dir='ltr'><strong>poterat,</strong></span> <span class='ocrx_word' id='word_1_15' title='bbox 231 558 387 634; x_wconf 87' lang='lat' dir='ltr'><strong>utrosque</strong></span> <span class='ocrx_word' id='word_1_16' title='bbox 409 558 442 612; x_wconf 89' lang='lat' dir='ltr'><strong>et</strong></span> <span class='ocrx_word' id='word_1_17' title='bbox 464 546 573 612; x_wconf 89' lang='lat' dir='ltr'><strong>laudis</strong></span> <span class='ocrx_word' id='word_1_18' title='bbox 598 548 760 632; x_wconf 81' lang='lat' dir='ltr'><strong>cupiditas</strong></span> <span class='ocrx_word' id='word_1_19' title='bbox 785 558 818 611; x_wconf 89' lang='lat' dir='ltr'><strong>et</strong></span> <span class='ocrx_word' id='word_1_20' title='bbox 840 549 937 612; x_wconf 91' lang='lat' dir='ltr'><strong>timor</strong></span> <span class='ocrx_word' id='word_1_21' title='bbox 960 548 1051 631; x_wconf 92' lang='lat' dir='ltr'><strong>igno·</strong></span> 
     </span>
    </p>

    <p class='ocr_par' dir='ltr' id='par_1_4' title="bbox 40 648 1074 944">
     <span class='ocr_line' id='line_1_4' title="bbox 65 648 1074 735; baseline -0.01 -17"><span class='ocrx_word' id='word_1_22' title='bbox 65 653 192 719; x_wconf 85' lang='lat' dir='ltr'><strong>minias</strong></span> <span class='ocrx_word' id='word_1_23' title='bbox 215 650 259 716; x_wconf 90' lang='lat' dir='ltr'><strong>ad</strong></span> <span class='ocrx_word' id='word_1_24' title='bbox 273 652 424 717; x_wconf 88' lang='lat' dir='ltr'><strong>virtutem</strong></span> <span class='ocrx_word' id='word_1_25' title='bbox 448 651 626 716; x_wconf 87' lang='lat' dir='ltr'><strong>excitabat.</strong></span> <span class='ocrx_word' id='word_1_26' title='bbox 652 648 734 714; x_wconf 84' lang='lat' dir='ltr'><strong>Cum</strong></span> <span class='ocrx_word' id='word_1_27' title='bbox 753 673 772 713; x_wconf 94' lang='lat' dir='ltr'><strong>a</strong></span> <span class='ocrx_word' id='word_1_28' title='bbox 788 650 923 715; x_wconf 90' lang='lat' dir='ltr'><strong>meridie</strong></span> <span class='ocrx_word' id='word_1_29' title='bbox 947 670 1074 735; x_wconf 79' lang='lat' dir='ltr'><strong>propes</strong></span> 
     </span>
     <span class='ocr_line' id='line_1_5' title="bbox 62 753 1050 838; baseline -0.004 -17"><span class='ocrx_word' id='word_1_30' title='bbox 62 755 107 820; x_wconf 88' lang='lat' dir='ltr'><strong>ad</strong></span> <span class='ocrx_word' id='word_1_31' title='bbox 125 754 205 821; x_wconf 93' lang='lat' dir='ltr'><strong>solis</strong></span> <span class='ocrx_word' id='word_1_32' title='bbox 223 776 375 821; x_wconf 87' lang='lat' dir='ltr'><strong>occasum</strong></span> <span class='ocrx_word' id='word_1_33' title='bbox 392 753 493 820; x_wconf 91' lang='lat' dir='ltr'><strong>dubia</strong></span> <span class='ocrx_word' id='word_1_34' title='bbox 509 754 649 820; x_wconf 92' lang='lat' dir='ltr'><strong>victoria</strong></span> <span class='ocrx_word' id='word_1_35' title='bbox 665 763 874 838; x_wconf 83' lang='lat' dir='ltr'><strong>pugnaretur,</strong></span> <span class='ocrx_word' id='word_1_36' title='bbox 893 753 1050 819; x_wconf 80' lang='lat' dir='ltr'><strong>Germani</strong></span> 
     </span>
     <span class='ocr_line' id='line_1_6' title="bbox 40 857 1050 944; baseline 0 -23"><span class='ocrx_word' id='word_1_37' title='bbox 40 882 131 924; x_wconf 83' lang='lat' dir='ltr'><strong>una</strong></span> <span class='ocrx_word' id='word_1_38' title='bbox 165 861 198 923; x_wconf 92' lang='lat' dir='ltr'><strong>in</strong></span> <span class='ocrx_word' id='word_1_39' title='bbox 233 867 327 944; x_wconf 89' lang='lat' dir='ltr'><strong>parte</strong></span> <span class='ocrx_word' id='word_1_40' title='bbox 350 857 506 924; x_wconf 86' lang='lat' dir='ltr'><strong>confertis</strong></span> <span class='ocrx_word' id='word_1_41' title='bbox 531 858 645 921; x_wconf 90' lang='lat' dir='ltr'><strong>turmis</strong></span> <span class='ocrx_word' id='word_1_42' title='bbox 679 859 712 920; x_wconf 92' lang='lat' dir='ltr'><strong>in</strong></span> <span class='ocrx_word' id='word_1_43' title='bbox 747 857 858 921; x_wconf 90' lang='lat' dir='ltr'><strong>hostes</strong></span> <span class='ocrx_word' id='word_1_44' title='bbox 892 859 1050 942; x_wconf 91' lang='lat' dir='ltr'><strong>impetum</strong></span> 
     </span>
    </p>

    <p class='ocr_par' dir='ltr' id='par_1_5' title="bbox 60 960 1073 1255">
     <span class='ocr_line' id='line_1_7' title="bbox 61 960 1071 1048; baseline -0.008 -21"><span class='ocrx_word' id='word_1_45' title='bbox 61 965 213 1028; x_wconf 87' lang='lat' dir='ltr'><strong>fecerunt</strong></span> <span class='ocrx_word' id='word_1_46' title='bbox 235 984 359 1048; x_wconf 92' lang='lat' dir='ltr'><strong>eosque</strong></span> <span class='ocrx_word' id='word_1_47' title='bbox 383 960 614 1046; x_wconf 77' lang='lat' dir='ltr'><strong>propulerunt3</strong></span> <span class='ocrx_word' id='word_1_48' title='bbox 640 960 757 1045; x_wconf 91' lang='lat' dir='ltr'><strong>quibus</strong></span> <span class='ocrx_word' id='word_1_49' title='bbox 781 963 814 1024; x_wconf 94' lang='lat' dir='ltr'><strong>in</strong></span> <span class='ocrx_word' id='word_1_50' title='bbox 837 961 948 1044; x_wconf 87' lang='lat' dir='ltr'><strong>fugam</strong></span> <span class='ocrx_word' id='word_1_51' title='bbox 973 982 1071 1025; x_wconf 76' lang='lat' dir='ltr'><strong>con-z</strong></span> 
     </span>
     <span class='ocr_line' id='line_1_8' title="bbox 61 1062 1073 1152; baseline -0.006 -20"><span class='ocrx_word' id='word_1_52' title='bbox 61 1067 160 1132; x_wconf 88' lang='lat' dir='ltr'><strong>iectis</strong></span> <span class='ocrx_word' id='word_1_53' title='bbox 186 1065 349 1152; x_wconf 88' lang='lat' dir='ltr'><strong>sagittarii</strong></span> <span class='ocrx_word' id='word_1_54' title='bbox 373 1063 587 1128; x_wconf 89' lang='lat' dir='ltr'><strong>circumventi</strong></span> <span class='ocrx_word' id='word_1_55' title='bbox 611 1063 836 1149; x_wconf 86' lang='lat' dir='ltr'><strong>interfectique</strong></span> <span class='ocrx_word' id='word_1_56' title='bbox 860 1073 945 1128; x_wconf 87' lang='lat' dir='ltr'><strong>sunt.</strong></span> <span class='ocrx_word' id='word_1_57' title='bbox 967 1062 1073 1127; x_wconf 84' lang='lat' dir='ltr'><strong>Itema</strong></span> 
     </span>
     <span class='ocr_line' id='line_1_9' title="bbox 60 1166 1049 1255; baseline -0.004 -20"><span class='ocrx_word' id='word_1_58' title='bbox 60 1193 103 1235; x_wconf 87' lang='lat' dir='ltr'><strong>ex</strong></span> <span class='ocrx_word' id='word_1_59' title='bbox 127 1169 262 1255; x_wconf 91' lang='lat' dir='ltr'><strong>reliquis</strong></span> <span class='ocrx_word' id='word_1_60' title='bbox 278 1167 429 1253; x_wconf 89' lang='lat' dir='ltr'><strong>partibus</strong></span> <span class='ocrx_word' id='word_1_61' title='bbox 452 1169 556 1233; x_wconf 92' lang='lat' dir='ltr'><strong>nostri</strong></span> <span class='ocrx_word' id='word_1_62' title='bbox 576 1168 728 1231; x_wconf 85' lang='lat' dir='ltr'><strong>cedentes</strong></span> <span class='ocrx_word' id='word_1_63' title='bbox 752 1189 855 1252; x_wconf 92' lang='lat' dir='ltr'><strong>usque</strong></span> <span class='ocrx_word' id='word_1_64' title='bbox 879 1166 921 1231; x_wconf 90' lang='lat' dir='ltr'><strong>ad</strong></span> <span class='ocrx_word' id='word_1_65' title='bbox 938 1174 1049 1231; x_wconf 88' lang='lat' dir='ltr'><strong>castra</strong></span> 
     </span>
    </p>

    <p class='ocr_par' dir='ltr' id='par_1_6' title="bbox 57 1268 1071 1463">
     <span class='ocr_line' id='line_1_10' title="bbox 58 1268 1071 1356; baseline -0.005 -18"><span class='ocrx_word' id='word_1_66' title='bbox 58 1275 201 1339; x_wconf 89' lang='lat' dir='ltr'><strong>insecuti</strong></span> <span class='ocrx_word' id='word_1_67' title='bbox 236 1273 284 1335; x_wconf 92' lang='lat' dir='ltr'><strong>sui</strong></span> <span class='ocrx_word' id='word_1_68' title='bbox 308 1270 485 1356; x_wconf 89' lang='lat' dir='ltr'><strong>colligendi</strong></span> <span class='ocrx_word' id='word_1_69' title='bbox 507 1270 699 1335; x_wconf 85' lang='lat' dir='ltr'><strong>facultatem</strong></span> <span class='ocrx_word' id='word_1_70' title='bbox 722 1293 788 1334; x_wconf 92' lang='lat' dir='ltr'><strong>non</strong></span> <span class='ocrx_word' id='word_1_71' title='bbox 812 1268 980 1335; x_wconf 91' lang='lat' dir='ltr'><strong>dederunt.</strong></span> <span class='ocrx_word' id='word_1_72' title='bbox 1004 1271 1071 1334; x_wconf 87' lang='lat' dir='ltr'><strong>Ate</strong></span> 
     </span>
     <span class='ocr_line' id='line_1_11' title="bbox 57 1374 1048 1463; baseline -0.003 -22"><span class='ocrx_word' id='word_1_73' title='bbox 57 1379 90 1456; x_wconf 91' lang='lat' dir='ltr'><strong>ii,</strong></span> <span class='ocrx_word' id='word_1_74' title='bbox 116 1378 173 1463; x_wconf 91' lang='lat' dir='ltr'><strong>qui</strong></span> <span class='ocrx_word' id='word_1_75' title='bbox 196 1375 239 1440; x_wconf 92' lang='lat' dir='ltr'><strong>ab</strong></span> <span class='ocrx_word' id='word_1_76' title='bbox 252 1374 365 1440; x_wconf 88' lang='lat' dir='ltr'><strong>Alesia</strong></span> <span class='ocrx_word' id='word_1_77' title='bbox 388 1384 626 1460; x_wconf 81' lang='lat' dir='ltr'><strong>processerant,</strong></span> <span class='ocrx_word' id='word_1_78' title='bbox 650 1377 767 1438; x_wconf 90' lang='lat' dir='ltr'><strong>maesti</strong></span> <span class='ocrx_word' id='word_1_79' title='bbox 792 1396 893 1460; x_wconf 89' lang='lat' dir='ltr'><strong>prope</strong></span> <span class='ocrx_word' id='word_1_80' title='bbox 910 1376 1048 1438; x_wconf 85' lang='lat' dir='ltr'><strong>victoria</strong></span> 
     </span>
    </p>

    <p class='ocr_par' dir='ltr' id='par_1_7' title="bbox 58 1478 764 1566">
     <span class='ocr_line' id='line_1_12' title="bbox 58 1478 764 1566; baseline -0.008 -20"><span class='ocrx_word' id='word_1_81' title='bbox 58 1479 237 1566; x_wconf 88' lang='lat' dir='ltr'><strong>desperata</strong></span> <span class='ocrx_word' id='word_1_82' title='bbox 261 1499 296 1543; x_wconf 88' lang='lat' dir='ltr'><strong>sc</strong></span> <span class='ocrx_word' id='word_1_83' title='bbox 318 1479 352 1542; x_wconf 92' lang='lat' dir='ltr'><strong>in</strong></span> <span class='ocrx_word' id='word_1_84' title='bbox 376 1478 537 1564; x_wconf 90' lang='lat' dir='ltr'><strong>oppidum</strong></span> <span class='ocrx_word' id='word_1_85' title='bbox 560 1487 764 1561; x_wconf 79' lang='lat' dir='ltr'><strong>receperunt,</strong></span> 
     </span>
    </p>

    <p class='ocr_par' dir='ltr' id='par_1_8' title="bbox 145 1579 1044 1666">
     <span class='ocr_line' id='line_1_13' title="bbox 145 1579 1044 1666; baseline -0.001 -20"><span class='ocrx_word' id='word_1_86' title='bbox 145 1581 198 1646; x_wconf 83' lang='lat'><strong>81.</strong></span> <span class='ocrx_word' id='word_1_87' title='bbox 230 1579 304 1647; x_wconf 92' lang='lat' dir='ltr'><strong>Uno</strong></span> <span class='ocrx_word' id='word_1_88' title='bbox 329 1580 381 1646; x_wconf 88' lang='lat' dir='ltr'><strong>die</strong></span> <span class='ocrx_word' id='word_1_89' title='bbox 403 1583 589 1647; x_wconf 88' lang='lat' dir='ltr'><strong>intermisso</strong></span> <span class='ocrx_word' id='word_1_90' title='bbox 615 1579 704 1646; x_wconf 83' lang='lat' dir='ltr'><strong>Galli</strong></span> <span class='ocrx_word' id='word_1_91' title='bbox 728 1591 827 1665; x_wconf 90' lang='lat' dir='ltr'><strong>atque</strong></span> <span class='ocrx_word' id='word_1_92' title='bbox 850 1581 912 1644; x_wconf 90' lang='lat' dir='ltr'><strong>hoc</strong></span> <span class='ocrx_word' id='word_1_93' title='bbox 938 1583 1044 1666; x_wconf 90' lang='lat' dir='ltr'><strong>spatio</strong></span> 
     </span>
    </p>

    <p class='ocr_par' dir='ltr' id='par_1_9' title="bbox 58 1683 1045 1771">
     <span class='ocr_line' id='line_1_14' title="bbox 58 1683 1045 1771; baseline -0.001 -21"><span class='ocrx_word' id='word_1_94' title='bbox 58 1707 183 1770; x_wconf 89' lang='lat' dir='ltr'><strong>magno</strong></span> <span class='ocrx_word' id='word_1_95' title='bbox 222 1687 359 1750; x_wconf 90' lang='lat' dir='ltr'><strong>cratium</strong></span> <span class='ocrx_word' id='word_1_96' title='bbox 372 1733 382 1768; x_wconf 96' lang='lat'><strong>,</strong></span> <span class='ocrx_word' id='word_1_97' title='bbox 421 1683 606 1768; x_wconf 90' lang='lat' dir='ltr'><strong>scalarum,</strong></span> <span class='ocrx_word' id='word_1_98' title='bbox 644 1685 874 1771; x_wconf 83' lang='lat' dir='ltr'><strong>harpagonum</strong></span> <span class='ocrx_word' id='word_1_99' title='bbox 911 1706 1045 1750; x_wconf 92' lang='lat' dir='ltr'><strong>numero</strong></span> 
     </span>
    </p>

    <p class='ocr_par' dir='ltr' id='par_1_10' title="bbox 62 1788 1047 1872">
     <span class='ocr_line' id='line_1_15' title="bbox 62 1788 1047 1872; baseline -0.001 -19"><span class='ocrx_word' id='word_1_100' title='bbox 62 1789 182 1853; x_wconf 83' lang='lat' dir='ltr'><strong>effecto</strong></span> <span class='ocrx_word' id='word_1_101' title='bbox 212 1788 322 1853; x_wconf 89' lang='lat' dir='ltr'><strong>media</strong></span> <span class='ocrx_word' id='word_1_102' title='bbox 349 1797 447 1854; x_wconf 90' lang='lat' dir='ltr'><strong>nocte</strong></span> <span class='ocrx_word' id='word_1_103' title='bbox 478 1788 607 1853; x_wconf 90' lang='lat' dir='ltr'><strong>silentio</strong></span> <span class='ocrx_word' id='word_1_104' title='bbox 637 1811 678 1853; x_wconf 84' lang='lat' dir='ltr'><strong>ex</strong></span> <span class='ocrx_word' id='word_1_105' title='bbox 708 1789 826 1854; x_wconf 88' lang='lat' dir='ltr'><strong>castris</strong></span> <span class='ocrx_word' id='word_1_106' title='bbox 850 1791 975 1872; x_wconf 82' lang='lat' dir='ltr'><strong>egressi</strong></span> <span class='ocrx_word' id='word_1_107' title='bbox 1004 1789 1047 1853; x_wconf 91' lang='lat' dir='ltr'><strong>ad</strong></span> 
     </span>
    </p>

    <p class='ocr_par' dir='ltr' id='par_1_11' title="bbox 58 1890 1069 2082">
     <span class='ocr_line' id='line_1_16' title="bbox 60 1890 1069 1977; baseline 0.001 -21"><span class='ocrx_word' id='word_1_108' title='bbox 60 1899 267 1977; x_wconf 85' lang='lat' dir='ltr'><strong>campestres</strong></span> <span class='ocrx_word' id='word_1_109' title='bbox 302 1893 498 1957; x_wconf 90' lang='lat' dir='ltr'><strong>munitiones</strong></span> <span class='ocrx_word' id='word_1_110' title='bbox 533 1892 704 1956; x_wconf 89' lang='lat' dir='ltr'><strong>accedunt.</strong></span> <span class='ocrx_word' id='word_1_111' title='bbox 751 1890 867 1957; x_wconf 83' lang='lat' dir='ltr'><strong>subito</strong></span> <span class='ocrx_word' id='word_1_112' title='bbox 903 1891 1069 1957; x_wconf 71' lang='lat' dir='ltr'><strong>clamores</strong></span> 
     </span>
     <span class='ocr_line' id='line_1_17' title="bbox 58 1995 1046 2082; baseline -0.001 -21"><span class='ocrx_word' id='word_1_113' title='bbox 58 1995 213 2079; x_wconf 90' lang='lat' dir='ltr'><strong>sublato,</strong></span> <span class='ocrx_word' id='word_1_114' title='bbox 249 2018 314 2082; x_wconf 90' lang='lat' dir='ltr'><strong>qua</strong></span> <span class='ocrx_word' id='word_1_115' title='bbox 349 1995 586 2081; x_wconf 90' lang='lat' dir='ltr'><strong>significatione</strong></span> <span class='ocrx_word' id='word_1_116' title='bbox 618 1997 672 2081; x_wconf 91' lang='lat' dir='ltr'><strong>qui</strong></span> <span class='ocrx_word' id='word_1_117' title='bbox 701 1996 735 2060; x_wconf 94' lang='lat' dir='ltr'><strong>in</strong></span> <span class='ocrx_word' id='word_1_118' title='bbox 764 1996 886 2081; x_wconf 93' lang='lat' dir='ltr'><strong>oppido</strong></span> <span class='ocrx_word' id='word_1_119' title='bbox 918 1995 1046 2061; x_wconf 90' lang='lat' dir='ltr'><strong>obside-</strong></span> 
     </span>
    </p>

    <p class='ocr_par' dir='ltr' id='par_1_12' title="bbox 57 2099 1045 2184">
     <span class='ocr_line' id='line_1_18' title="bbox 57 2099 1045 2184; baseline 0 -20"><span class='ocrx_word' id='word_1_120' title='bbox 57 2099 184 2165; x_wconf 83' lang='lat' dir='ltr'><strong>bantur</strong></span> <span class='ocrx_word' id='word_1_121' title='bbox 215 2099 255 2163; x_wconf 90' lang='lat' dir='ltr'><strong>de</strong></span> <span class='ocrx_word' id='word_1_122' title='bbox 279 2121 339 2164; x_wconf 92' lang='lat' dir='ltr'><strong>suo</strong></span> <span class='ocrx_word' id='word_1_123' title='bbox 363 2099 508 2165; x_wconf 89' lang='lat' dir='ltr'><strong>adventu</strong></span> <span class='ocrx_word' id='word_1_124' title='bbox 537 2121 738 2183; x_wconf 85' lang='lat' dir='ltr'><strong>cognoscere</strong></span> <span class='ocrx_word' id='word_1_125' title='bbox 762 2108 907 2184; x_wconf 84' lang='lat' dir='ltr'><strong>possent,</strong></span> <span class='ocrx_word' id='word_1_126' title='bbox 938 2109 1045 2164; x_wconf 92' lang='lat' dir='ltr'><strong>crates</strong></span> 
     </span>
    </p>

    <p class='ocr_par' dir='ltr' id='par_1_13' title="bbox 56 2200 1045 2287">
     <span class='ocr_line' id='line_1_19' title="bbox 56 2200 1045 2287; baseline -0.001 -18"><span class='ocrx_word' id='word_1_127' title='bbox 56 2204 220 2287; x_wconf 88' lang='lat' dir='ltr'><strong>proicere,</strong></span> <span class='ocrx_word' id='word_1_128' title='bbox 242 2200 364 2285; x_wconf 90' lang='lat' dir='ltr'><strong>fundis,</strong></span> <span class='ocrx_word' id='word_1_129' title='bbox 389 2205 528 2286; x_wconf 86' lang='lat' dir='ltr'><strong>sagittis,</strong></span> <span class='ocrx_word' id='word_1_130' title='bbox 552 2201 717 2287; x_wconf 90' lang='lat' dir='ltr'><strong>lapidibus</strong></span> <span class='ocrx_word' id='word_1_131' title='bbox 739 2212 870 2268; x_wconf 89' lang='lat' dir='ltr'><strong>nostros</strong></span> <span class='ocrx_word' id='word_1_132' title='bbox 893 2202 934 2267; x_wconf 93' lang='lat' dir='ltr'><strong>de</strong></span> <span class='ocrx_word' id='word_1_133' title='bbox 956 2203 1045 2268; x_wconf 90' lang='lat' dir='ltr'><strong>vallo</strong></span> 
     </span>
    </p>

    <p class='ocr_par' dir='ltr' id='par_1_14' title="bbox 55 2304 1047 2393">
     <span class='ocr_line' id='line_1_20' title="bbox 55 2304 1047 2393; baseline 0 -20"><span class='ocrx_word' id='word_1_134' title='bbox 55 2305 255 2392; x_wconf 88' lang='lat' dir='ltr'><strong>proturbare</strong></span> <span class='ocrx_word' id='word_1_135' title='bbox 277 2304 479 2392; x_wconf 87' lang='lat' dir='ltr'><strong>reliquaque,</strong></span> <span class='ocrx_word' id='word_1_136' title='bbox 499 2329 582 2393; x_wconf 91' lang='lat' dir='ltr'><strong>quae</strong></span> <span class='ocrx_word' id='word_1_137' title='bbox 604 2307 648 2370; x_wconf 88' lang='lat' dir='ltr'><strong>ad</strong></span> <span class='ocrx_word' id='word_1_138' title='bbox 672 2311 952 2391; x_wconf 88' lang='lat' dir='ltr'><strong>oppugnationem</strong></span> <span class='ocrx_word' id='word_1_139' title='bbox 974 2327 1047 2392; x_wconf 91' lang='lat' dir='ltr'><strong>per·</strong></span> 
     </span>
    </p>

    <p class='ocr_par' dir='ltr' id='par_1_15' title="bbox 55 2409 1066 2600">
     <span class='ocr_line' id='line_1_21' title="bbox 55 2409 1066 2496; baseline 0.001 -19"><span class='ocrx_word' id='word_1_140' title='bbox 55 2413 172 2494; x_wconf 88' lang='lat' dir='ltr'><strong>tinent,</strong></span> <span class='ocrx_word' id='word_1_141' title='bbox 189 2417 309 2494; x_wconf 89' lang='lat' dir='ltr'><strong>parant</strong></span> <span class='ocrx_word' id='word_1_142' title='bbox 332 2409 571 2474; x_wconf 71' lang='lat' dir='ltr'><strong>administrare·</strong></span> <span class='ocrx_word' id='word_1_143' title='bbox 589 2409 716 2474; x_wconf 85' lang='lat' dir='ltr'><strong>Eodem</strong></span> <span class='ocrx_word' id='word_1_144' title='bbox 732 2419 879 2496; x_wconf 90' lang='lat' dir='ltr'><strong>tempore</strong></span> <span class='ocrx_word' id='word_1_145' title='bbox 902 2412 1066 2478; x_wconf 83' lang='lat' dir='ltr'><strong>clamores</strong></span> 
     </span>
     <span class='ocr_line' id='line_1_22' title="bbox 56 2511 1044 2600; baseline 0 -21"><span class='ocrx_word' id='word_1_146' title='bbox 56 2512 216 2580; x_wconf 86' lang='lat' dir='ltr'><strong>exaudito</strong></span> <span class='ocrx_word' id='word_1_147' title='bbox 240 2511 298 2578; x_wconf 89' lang='lat' dir='ltr'><strong>dat</strong></span> <span class='ocrx_word' id='word_1_148' title='bbox 319 2513 400 2578; x_wconf 89' lang='lat' dir='ltr'><strong>tuba</strong></span> <span class='ocrx_word' id='word_1_149' title='bbox 423 2515 552 2597; x_wconf 89' lang='lat' dir='ltr'><strong>signum</strong></span> <span class='ocrx_word' id='word_1_150' title='bbox 576 2515 645 2577; x_wconf 89' lang='lat' dir='ltr'><strong>suis</strong></span> <span class='ocrx_word' id='word_1_151' title='bbox 668 2513 922 2596; x_wconf 87' lang='lat' dir='ltr'><strong>Vercingetorix</strong></span> <span class='ocrx_word' id='word_1_152' title='bbox 945 2524 1044 2600; x_wconf 89' lang='lat' dir='ltr'><strong>atque</strong></span> 
     </span>
    </p>

    <p class='ocr_par' dir='ltr' id='par_1_16' title="bbox 56 2616 1066 2809">
     <span class='ocr_line' id='line_1_23' title="bbox 56 2616 1066 2703; baseline 0 -20"><span class='ocrx_word' id='word_1_153' title='bbox 56 2641 98 2684; x_wconf 89' lang='lat' dir='ltr'><strong>ex</strong></span> <span class='ocrx_word' id='word_1_154' title='bbox 123 2616 248 2703; x_wconf 92' lang='lat' dir='ltr'><strong>oppido</strong></span> <span class='ocrx_word' id='word_1_155' title='bbox 272 2617 393 2682; x_wconf 88' lang='lat' dir='ltr'><strong>educit.</strong></span> <span class='ocrx_word' id='word_1_156' title='bbox 416 2617 529 2682; x_wconf 89' lang='lat' dir='ltr'><strong>Nostri</strong></span> <span class='ocrx_word' id='word_1_157' title='bbox 551 2626 587 2679; x_wconf 91' lang='lat' dir='ltr'><strong>ut</strong></span> <span class='ocrx_word' id='word_1_158' title='bbox 611 2616 833 2701; x_wconf 90' lang='lat' dir='ltr'><strong>superioribus</strong></span> <span class='ocrx_word' id='word_1_159' title='bbox 858 2616 983 2700; x_wconf 92' lang='lat' dir='ltr'><strong>diebus,</strong></span> <span class='ocrx_word' id='word_1_160' title='bbox 1007 2627 1066 2684; x_wconf 71' lang='lat' dir='ltr'><strong>uti</strong></span> 
     </span>
     <span class='ocr_line' id='line_1_24' title="bbox 58 2720 1044 2809; baseline -0.002 -21"><span class='ocrx_word' id='word_1_161' title='bbox 58 2725 178 2809; x_wconf 88' lang='lat' dir='ltr'><strong>cuique</strong></span> <span class='ocrx_word' id='word_1_162' title='bbox 208 2730 279 2786; x_wconf 89' lang='lat' dir='ltr'><strong>erat</strong></span> <span class='ocrx_word' id='word_1_163' title='bbox 306 2720 399 2785; x_wconf 89' lang='lat' dir='ltr'><strong>locus</strong></span> <span class='ocrx_word' id='word_1_164' title='bbox 428 2720 619 2802; x_wconf 87' lang='lat' dir='ltr'><strong>attributus,</strong></span> <span class='ocrx_word' id='word_1_165' title='bbox 654 2721 696 2785; x_wconf 90' lang='lat' dir='ltr'><strong>ad</strong></span> <span class='ocrx_word' id='word_1_166' title='bbox 727 2721 923 2785; x_wconf 91' lang='lat' dir='ltr'><strong>munitiones</strong></span> <span class='ocrx_word' id='word_1_167' title='bbox 952 2743 1044 2787; x_wconf 89' lang='lat' dir='ltr'><strong>acce-</strong></span> 
     </span>
    </p>

    <p class='ocr_par' dir='ltr' id='par_1_17' title="bbox 10 2821 1063 3117">
     <span class='ocr_line' id='line_1_25' title="bbox 56 2821 1043 2911; baseline -0.002 -20"><span class='ocrx_word' id='word_1_168' title='bbox 56 2825 154 2906; x_wconf 80' lang='lat' dir='ltr'><strong>dunt3</strong></span> <span class='ocrx_word' id='word_1_169' title='bbox 188 2823 298 2888; x_wconf 90' lang='lat' dir='ltr'><strong>fundis</strong></span> <span class='ocrx_word' id='word_1_170' title='bbox 321 2821 483 2888; x_wconf 88' lang='lat' dir='ltr'><strong>librilibus</strong></span> <span class='ocrx_word' id='word_1_171' title='bbox 519 2822 739 2909; x_wconf 90' lang='lat' dir='ltr'><strong>sudibusque,</strong></span> <span class='ocrx_word' id='word_1_172' title='bbox 775 2845 857 2908; x_wconf 90' lang='lat' dir='ltr'><strong>quas</strong></span> <span class='ocrx_word' id='word_1_173' title='bbox 887 2826 920 2887; x_wconf 92' lang='lat' dir='ltr'><strong>in</strong></span> <span class='ocrx_word' id='word_1_174' title='bbox 945 2847 1043 2911; x_wconf 88' lang='lat' dir='ltr'><strong>opere</strong></span> 
     </span>
     <span class='ocr_line' id='line_1_26' title="bbox 10 2924 1063 3014; baseline 0.003 -23"><span class='ocrx_word' id='word_1_175' title='bbox 10 2970 12 2991; x_wconf 67' lang='lat'><em>2</em></span> <span class='ocrx_word' id='word_1_176' title='bbox 56 2928 300 3014; x_wconf 87' lang='lat' dir='ltr'><strong>disposuerant,</strong></span> <span class='ocrx_word' id='word_1_177' title='bbox 325 2948 364 2990; x_wconf 89' lang='lat' dir='ltr'><strong>ac</strong></span> <span class='ocrx_word' id='word_1_178' title='bbox 388 2924 563 3009; x_wconf 89' lang='lat' dir='ltr'><strong>glandibus</strong></span> <span class='ocrx_word' id='word_1_179' title='bbox 588 2926 704 2992; x_wconf 83' lang='lat' dir='ltr'><strong>Gallos</strong></span> <span class='ocrx_word' id='word_1_180' title='bbox 728 2936 922 3011; x_wconf 84' lang='lat' dir='ltr'><strong>proterrent.</strong></span> <span class='ocrx_word' id='word_1_181' title='bbox 960 2928 1063 2994; x_wconf 81' lang='lat' dir='ltr'><strong>Pro-s</strong></span> 
     </span>
     <span class='ocr_line' id='line_1_27' title="bbox 10 3028 1042 3117; baseline -0.001 -20"><span class='ocrx_word' id='word_1_182' title='bbox 10 3078 12 3083; x_wconf 90' lang='lat'><em>-</em></span> <span class='ocrx_word' id='word_1_183' title='bbox 56 3039 174 3117; x_wconf 88' lang='lat' dir='ltr'><strong>spectu</strong></span> <span class='ocrx_word' id='word_1_184' title='bbox 203 3028 347 3094; x_wconf 90' lang='lat' dir='ltr'><strong>tenebris</strong></span> <span class='ocrx_word' id='word_1_185' title='bbox 376 3028 531 3114; x_wconf 90' lang='lat' dir='ltr'><strong>adempto</strong></span> <span class='ocrx_word' id='word_1_186' title='bbox 569 3030 673 3095; x_wconf 89' lang='lat' dir='ltr'><strong>multa</strong></span> <span class='ocrx_word' id='word_1_187' title='bbox 707 3032 868 3115; x_wconf 90' lang='lat' dir='ltr'><strong>utrimque</strong></span> <span class='ocrx_word' id='word_1_188' title='bbox 906 3030 1042 3096; x_wconf 89' lang='lat' dir='ltr'><strong>vulnera</strong></span> 
     </span>
    </p>

    <p class='ocr_par' dir='ltr' id='par_1_18' title="bbox 10 3122 1062 3528">
     <span class='ocr_line' id='line_1_28' title="bbox 13 3122 1062 3220; baseline 0.002 -21"><span class='ocrx_word' id='word_1_189' title='bbox 13 3122 17 3127; x_wconf 57' lang='grc'><strong>’</strong></span> <span class='ocrx_word' id='word_1_190' title='bbox 55 3135 273 3220; x_wconf 86' lang='lat' dir='ltr'><strong>accipiuntur.</strong></span> <span class='ocrx_word' id='word_1_191' title='bbox 299 3129 476 3216; x_wconf 80' lang='lat' dir='ltr'><strong>Complura</strong></span> <span class='ocrx_word' id='word_1_192' title='bbox 492 3135 661 3197; x_wconf 88' lang='lat' dir='ltr'><strong>tormentis</strong></span> <span class='ocrx_word' id='word_1_193' title='bbox 678 3133 744 3197; x_wconf 88' lang='lat' dir='ltr'><strong>tela</strong></span> <span class='ocrx_word' id='word_1_194' title='bbox 760 3135 975 3198; x_wconf 90' lang='lat' dir='ltr'><strong>coniciuntur.</strong></span> <span class='ocrx_word' id='word_1_195' title='bbox 997 3134 1062 3201; x_wconf 85' lang='lat' dir='ltr'><strong>Ate</strong></span> 
     </span>
     <span class='ocr_line' id='line_1_29' title="bbox 10 3232 1040 3321; baseline -0.003 -16"><span class='ocrx_word' id='word_1_196' title='bbox 10 3298 13 3305; x_wconf 94' lang='lat'><em>.</em></span> <span class='ocrx_word' id='word_1_197' title='bbox 55 3236 190 3301; x_wconf 87' lang='lat' dir='ltr'><strong>Marcus</strong></span> <span class='ocrx_word' id='word_1_198' title='bbox 213 3233 377 3299; x_wconf 88' lang='lat' dir='ltr'><strong>Antonius</strong></span> <span class='ocrx_word' id='word_1_199' title='bbox 394 3243 426 3298; x_wconf 92' lang='lat' dir='ltr'><strong>et</strong></span> <span class='ocrx_word' id='word_1_200' title='bbox 448 3232 552 3299; x_wconf 82' lang='lat' dir='ltr'><strong>Gaius</strong></span> <span class='ocrx_word' id='word_1_201' title='bbox 577 3234 760 3299; x_wconf 86' lang='lat' dir='ltr'><strong>Trebonius</strong></span> <span class='ocrx_word' id='word_1_202' title='bbox 785 3236 893 3319; x_wconf 89' lang='lat' dir='ltr'><strong>legati,</strong></span> <span class='ocrx_word' id='word_1_203' title='bbox 922 3236 1040 3321; x_wconf 90' lang='lat' dir='ltr'><strong>quibus</strong></span> 
     </span>
     <span class='ocr_line' id='line_1_30' title="bbox 54 3336 1039 3424; baseline 0 -20"><span class='ocrx_word' id='word_1_204' title='bbox 54 3338 118 3404; x_wconf 86' lang='lat' dir='ltr'><strong>hae</strong></span> <span class='ocrx_word' id='word_1_205' title='bbox 141 3345 254 3423; x_wconf 86' lang='lat' dir='ltr'><strong>partes</strong></span> <span class='ocrx_word' id='word_1_206' title='bbox 288 3336 332 3403; x_wconf 89' lang='lat' dir='ltr'><strong>ad</strong></span> <span class='ocrx_word' id='word_1_207' title='bbox 361 3336 602 3403; x_wconf 86' lang='lat' dir='ltr'><strong>defendendum</strong></span> <span class='ocrx_word' id='word_1_208' title='bbox 644 3338 860 3422; x_wconf 89' lang='lat' dir='ltr'><strong>obvenerant,</strong></span> <span class='ocrx_word' id='word_1_209' title='bbox 899 3362 963 3424; x_wconf 93' lang='lat' dir='ltr'><strong>qua</strong></span> <span class='ocrx_word' id='word_1_210' title='bbox 997 3363 1039 3404; x_wconf 87' lang='lat' dir='ltr'><strong>ex</strong></span> 
     </span>
     <span class='ocr_line' id='line_1_31' title="bbox 53 3440 1038 3528; baseline -0.001 -20"><span class='ocrx_word' id='word_1_211' title='bbox 53 3451 149 3528; x_wconf 87' lang='lat' dir='ltr'><strong>parts</strong></span> <span class='ocrx_word' id='word_1_212' title='bbox 178 3449 312 3507; x_wconf 90' lang='lat' dir='ltr'><strong>nostros</strong></span> <span class='ocrx_word' id='word_1_213' title='bbox 346 3442 449 3524; x_wconf 90' lang='lat' dir='ltr'><strong>premi</strong></span> <span class='ocrx_word' id='word_1_214' title='bbox 483 3441 730 3524; x_wconf 88' lang='lat' dir='ltr'><strong>intellexerant,</strong></span> <span class='ocrx_word' id='word_1_215' title='bbox 763 3440 813 3505; x_wconf 93' lang='lat' dir='ltr'><strong>his</strong></span> <span class='ocrx_word' id='word_1_216' title='bbox 842 3441 966 3506; x_wconf 84' lang='lat' dir='ltr'><strong>auxilio</strong></span> <span class='ocrx_word' id='word_1_217' title='bbox 997 3465 1038 3507; x_wconf 88' lang='lat' dir='ltr'><strong>ex</strong></span> 
     </span>
    </p>
   </div>
   <div class='ocr_carea' id='block_1_3' title="bbox 52 3545 888 3614">
    <p class='ocr_par' dir='ltr' id='par_1_19' title="bbox 52 3545 888 3614">
     <span class='ocr_line' id='line_1_32' title="bbox 52 3545 888 3614; baseline -0.004 -2"><span class='ocrx_word' id='word_1_218' title='bbox 52 3545 267 3614; x_wconf 83' lang='lat' dir='ltr'><strong>ulterioribus</strong></span> <span class='ocrx_word' id='word_1_219' title='bbox 290 3546 434 3613; x_wconf 85' lang='lat' dir='ltr'><strong>castellis</strong></span> <span class='ocrx_word' id='word_1_220' title='bbox 459 3545 617 3612; x_wconf 89' lang='lat' dir='ltr'><strong>deductos</strong></span> <span class='ocrx_word' id='word_1_221' title='bbox 643 3545 888 3614; x_wconf 87' lang='lat' dir='ltr'><strong>submittebant.</strong></span> 
     </span>
    </p>
   </div>
   <div class='ocr_carea' id='block_1_4' title="bbox 0 0 1220 4028">
    <p class='ocr_par' dir='ltr' id='par_1_20' title="bbox 0 0 1220 4028">
     <span class='ocr_line' id='line_1_33' title="bbox 0 0 1220 4028; baseline 0 4"><span class='ocrx_word' id='word_1_222' title='bbox 0 0 1220 4028; x_wconf 95' lang='lat' dir='ltr'><strong> </strong></span> 
     </span>
    </p>
   </div>
  </div>
 </body>
</html>
