2430 4028
344 248 455 299 muse
473 247 614 313 vuicrr.
633 244 726 299 s-ro.
966 251 1028 314 233

53 443 187 530 quinum
216 438 374 506 lateribus
406 439 542 526 deprimi
573 439 723 525 directis,
757 450 862 507 turres
892 441 1029 506 excitari

52 544 186 612 crebras
210 547 242 610 in
267 544 474 611 altitudinem
496 546 594 610 trium
617 545 849 628 tabulatorum,
874 545 1028 631 pontibus

52 650 202 715 traiectis
240 649 482 735 constratisque
519 651 688 734 coniungi,
730 672 865 735 quorum
904 650 1029 714 frontes

51 755 196 819 viminea
218 750 358 817 loricula
381 754 597 817 munirentur:
621 763 657 818 ut
674 753 715 818 ab
732 753 881 819 hostibus
906 753 1050 838 duplicia

50 861 152 940 fossa,
178 857 301 944 duplici
323 867 604 943 propugnatorum
629 858 741 923 ordine
769 858 1029 938 defenderentur,

50 983 191 1050 quorum
206 961 290 1026 alter
305 983 346 1024 ex
362 960 528 1046 pontibus,
546 984 609 1048 quo
627 962 728 1026 tutior
744 961 916 1027 altitudine
932 973 1032 1045 esset,

51 1064 114 1132 boc
139 1064 300 1131 audacius
316 1063 511 1149 longiusque
534 1066 736 1149 permitteret
759 1064 834 1146 tela,
859 1065 951 1143 alter,
976 1083 1031 1152 qui

48 1169 188 1254 propior
208 1165 336 1233 hostem
359 1168 392 1231 in
416 1170 487 1252 ipso
503 1167 590 1232 vallo
608 1167 790 1234 collocatus
807 1177 904 1251 esset,
928 1179 1030 1254 ponte

48 1271 87 1337 ab
109 1269 333 1336 incidentibus
362 1271 435 1335 telis
464 1280 636 1353 tegeretur.
687 1272 795 1337 Portis
824 1273 911 1337 fores
936 1273 1028 1338 altio·

48 1396 166 1461 resque
189 1383 295 1441 turres
322 1376 488 1459 imposuit.

137 1479 188 1544 10.
222 1479 329 1545 Huius
363 1481 552 1545 munitionis
587 1479 710 1564 duplex
741 1489 812 1544 erat
846 1479 1027 1545 consilium.

49 1585 202 1670 Namque
225 1591 257 1648 et
281 1605 416 1668 operum
431 1584 688 1666 magnitudinem
706 1592 739 1649 et
761 1585 910 1648 timorem
935 1607 1028 1649 suum

50 1687 209 1776 sperabat
229 1686 385 1752 fiduciam
399 1685 552 1752 barbaris
572 1686 756 1770 allaturum,
781 1697 813 1752 ct
835 1709 909 1751 cum
926 1687 1027 1773 pabu-

48 1791 151 1860 latum
175 1792 472 1879 frumentatumque
488 1791 619 1876 longius
642 1800 728 1856 esset
744 1791 1027 1876 proficiscendum,

48 1897 162 1983 parvis
193 1897 300 1982 copiis
328 1907 437 1962 castra
466 1898 646 1962 munitione
676 1898 750 1981 ipsa
772 1895 907 1960 videbat
929 1917 1027 1982 posse

49 1998 195 2068 defendi.
217 1999 352 2066 Interim
376 2001 490 2067 crebro
514 2004 629 2085 paucis
652 2001 813 2086 utrimque
835 2022 1049 2084 procurrens

47 2103 133 2170 tibus
158 2104 245 2169 inter
266 2103 343 2169 bina
368 2114 477 2169 castra
505 2102 626 2190 palude
657 2105 827 2168 interiecta
851 2104 1023 2168 contende·

47 2205 162 2292 batur3
179 2229 278 2294 quam
294 2215 402 2272 tamen
417 2207 571 2293 paludem
584 2228 829 2292 nonnumquam
842 2215 899 2269 aut
913 2215 1026 2271 nostra

47 2311 173 2379 auxilia
190 2308 361 2376 Gallorum
378 2311 682 2396 Germanorumque
698 2309 882 2376 transibant
906 2310 1026 2374 acrius·

47 2436 105 2502 quo
128 2415 246 2481 hostes
261 2415 525 2500 insequebantur,
549 2423 607 2479 aut
622 2415 766 2478 vicissim
782 2413 893 2478 hostes
910 2412 1025 2477 eadem
1138 2436 1142 2444 ·

47 2518 245 2604 transgressi
267 2528 397 2583 nostros
420 2517 550 2603 longius
567 2515 816 2582 submovebant.
841 2515 1047 2582 Accidebats

46 2631 154 2689 autem
180 2621 355 2687 cotidianis
381 2621 649 2707 pabulationibus
689 2621 735 2699 (id
757 2621 847 2706 quod
875 2622 1025 2685 accidere

47 2735 113 2793 erat
148 2745 303 2808 necesse,
340 2746 415 2790 cum
443 2725 526 2789 raris
556 2724 766 2811 disiectisque
797 2748 839 2789 ex
866 2725 1024 2790 aediliciis

45 2829 205 2917 pabulum
228 2829 508 2915 conquireretur),
531 2837 568 2893 ut
588 2829 755 2914 impeditis
779 2828 861 2895 locis
885 2828 1024 2916 dispersi

46 2932 262 3018 pabulatores
275 2933 602 3015 circumvenirentur3
615 2955 698 3019 quae
710 2956 772 3016 res,
788 2935 848 2998 etsi
860 2932 1047 2998 mediocres
1140 2944 1143 2952 ·

46 3036 280 3106 detrimentum
303 3039 521 3102 iumentorum
550 3057 590 3100 ac
614 3058 782 3101 servorum
805 3039 924 3101 nostris
948 3037 1024 3101 affe-

42 3140 153 3226 rebat,
186 3149 300 3207 tamen
323 3139 440 3206 stultas
473 3141 690 3225 cogitationes
718 3139 878 3205 incitabat
907 3140 1024 3205 barba·

43 3264 165 3328 rorum,
188 3252 288 3329 atque
310 3265 349 3309 eo
374 3245 487 3328 magis,
513 3242 602 3330 quod
626 3241 801 3327 Commius,
831 3266 926 3327 quem
949 3266 1024 3328 pro·

44 3345 168 3414 fectum
196 3347 241 3413 ad
271 3337 395 3413 auxilia
419 3346 658 3413 Germanorum
688 3347 886 3412 arcessenda
915 3346 1023 3425 docui,

45 3472 115 3518 eum
150 3448 317 3538 equitibus
354 3459 505 3530 venerat3
541 3452 595 3537 qui
626 3452 755 3516 tametsi
784 3472 919 3515 numero
954 3473 1020 3514 non
