2430 4028
196 257 235 322 18
498 260 548 308 DE
566 260 687 309 BELLO
708 260 867 313 GALLICO

193 455 320 512 scutum
354 467 452 511 manu
487 449 634 513 emittere
668 459 701 514 et
727 451 815 515 nudo
846 473 983 537 corpore
1011 474 1170 538 pugnare.

169 549 340 615 ⁵Tandem
374 550 565 616 vulneribus
595 551 717 618 defessi
755 563 787 619 et
820 556 938 638 pedem
970 557 1091 621 referre
1125 567 1169 640 et,

191 653 279 738 quod
309 677 403 719 mons
432 655 566 721 suberat
595 658 724 721 circiter
752 657 841 722 mille
864 680 1035 743 passuum,
1070 683 1108 725 eo
1134 683 1170 726 se

168 759 334 842 crecipere
356 768 545 845 coeperunt.
592 757 697 844 Capto
721 770 831 825 monte
855 772 884 824 et
915 762 1170 828 succedentibus

189 862 311 926 nostris
334 862 408 927 Boii
431 873 463 928 et
485 861 631 947 Tulingi,
667 865 721 948 qui
750 862 918 929 hominum
945 864 1077 930 milibus
1105 868 1170 931 cir-

189 965 270 1030 citer
298 982 344 1028 xv
375 985 494 1048 agmen
521 966 665 1031 hostium
692 965 891 1032 claudebant
919 977 952 1032 et
979 970 1169 1034 novissimis

188 1068 352 1152 praesidio
387 1079 496 1149 erant,
531 1091 573 1133 ex
605 1072 721 1135 itinere
754 1079 886 1135 nostros
921 1070 1022 1136 latere
1052 1082 1168 1158 aperto

187 1173 335 1254 aggressi
351 1173 603 1261 circumvenire,
627 1183 660 1239 et
681 1173 716 1237 id
732 1174 916 1258 conspicati
932 1174 1086 1257 Helvetii,
1111 1176 1170 1262 qui

189 1276 221 1337 in
244 1285 388 1340 montem
412 1298 484 1342 sese
505 1285 708 1362 receperant,
732 1299 846 1340 rursus
869 1278 991 1341 instare
1014 1288 1047 1342 et
1070 1301 1169 1363 proe-

187 1376 266 1441 lium
281 1379 503 1464 redintegrare
519 1389 706 1465 coeperunt.
730 1380 869 1444 Romani
886 1402 1048 1445 conversa
1072 1384 1169 1466 signa

164 1480 342 1565 rbipartito
377 1484 571 1549 intulerunt:
606 1485 711 1568 prima
745 1493 778 1548 et
812 1483 957 1548 secunda
992 1486 1099 1568 acies,
1131 1496 1170 1550 ut

185 1586 281 1649 victis
315 1608 354 1651 ac
384 1590 554 1653 summotis
576 1588 756 1669 resisteret,
792 1588 904 1670 tertia,
938 1597 974 1652 ut
995 1591 1168 1654 venientes

186 1691 368 1755 sustineret.

270 1791 321 1858 26.
344 1794 397 1858 Ita
425 1795 562 1879 ancipiti
591 1792 715 1879 proelio
745 1794 801 1859 diu
830 1800 927 1878 atque
958 1795 1079 1859 acriter
1105 1817 1167 1880 pu-

184 1906 320 1978 gnatum
348 1907 406 1962 est.
442 1899 574 1963 Diutius
600 1920 674 1962 cum
703 1899 862 1962 sustinere
892 1907 1079 1970 nostrorum
1106 1901 1168 1965 im·

183 2008 278 2085 petus
294 2023 360 2065 non
376 2011 523 2085 possent,
540 2000 634 2065 alteri
651 2023 695 2083 se,
712 2010 751 2065 ut
765 2010 952 2084 coeperant,
969 2003 1002 2066 in
1018 2011 1167 2069 montem

184 2115 391 2189 receperunt,
423 2105 518 2169 alteri
546 2103 590 2168 ad
618 2103 852 2189 impedimenta
882 2111 915 2168 et
942 2126 1056 2170 carros
1085 2128 1166 2171 suos

161 2232 218 2273 sse
241 2208 457 2272 contulerunt.
481 2208 566 2273 Nam
588 2208 651 2272 hoc
673 2217 743 2272 toto
767 2207 903 2292 proelio,
924 2229 1000 2272 cum
1023 2208 1065 2273 ab
1081 2208 1167 2276 hora

183 2314 323 2397 septima
345 2311 389 2375 ad
404 2334 577 2397 vesperum
591 2320 773 2396 pugnatum
798 2313 848 2390 sit,
865 2334 1016 2376 aversum
1032 2310 1165 2378 hostem

159 2415 293 2479 evidere
317 2437 412 2479 nemo
437 2416 554 2500 potuit.
599 2415 654 2479 Ad
676 2413 813 2479 multam
841 2423 972 2479 noctem
996 2415 1094 2479 etiam
1117 2417 1165 2482 ad

179 2518 414 2602 impedimenta
429 2527 611 2604 pugnatum
627 2527 685 2594 est,
702 2529 879 2603 propterea
894 2517 982 2604 quod
998 2539 1058 2602 pro
1070 2518 1163 2584 vallo

180 2644 292 2686 carros
327 2621 518 2687 obiecerant
551 2630 584 2686 et
612 2645 630 2686 e
658 2621 732 2686 loco
766 2622 932 2706 superiore
966 2622 1001 2686 in
1027 2631 1162 2687 nostros

178 2728 347 2790 venientes
376 2726 442 2790 tela
465 2725 682 2808 coniciebant,
707 2736 740 2789 et
762 2724 910 2789 nonnulli
939 2726 1024 2790 inter
1045 2747 1161 2792 carros

179 2839 335 2914 rotasque
350 2838 495 2894 mataras
512 2852 551 2894 ac
569 2829 716 2913 tragulas
740 2826 948 2892 subiciebant
963 2837 1161 2914 nostrosque

157 2932 408 2997 rvulnerabant.
431 2932 499 2997 Diu
515 2955 589 2997 cum
608 2942 694 2996 esset
709 2940 898 3016 pugnaturn,
916 2931 1160 3016 impedimentis

183 3038 366 3121 castrisque
394 3037 497 3100 nostri
527 3037 623 3120 potiti
653 3044 738 3099 sunt.
782 3033 832 3098 lbi
857 3032 1062 3118 Orgetorigis
1089 3035 1160 3100 filia
1193 3068 1197 3073 ·

157 3149 278 3224 satque
301 3162 385 3203 unus
414 3162 432 3203 e
461 3139 537 3203 filiis
559 3148 676 3222 captus
703 3147 761 3203 est.
808 3138 860 3201 Ex
887 3160 926 3201 eo
949 3137 1073 3221 proelio
1097 3139 1159 3203 cir-

179 3243 259 3306 citer
282 3241 449 3306 hominum
472 3241 562 3306 milia
591 3257 686 3303 cxxx
709 3240 938 3325 superfuerunt
960 3262 1064 3326 eaque
1086 3249 1159 3306 tota

176 3354 273 3408 nocte
313 3346 519 3408 continenter
554 3346 684 3408 ierunt:
723 3343 846 3408 nullam
884 3352 1011 3428 partem
1048 3346 1157 3409 noctis

177 3448 290 3512 itinere
323 3449 509 3512 intermisso
542 3449 577 3511 in
610 3448 692 3511 fines
724 3445 912 3529 Lingonum
950 3444 1002 3510 die
1037 3457 1155 3532 quarto

175 3561 409 3636 pervenerunt,
444 3573 519 3615 cum
547 3559 580 3615 et
612 3559 747 3636 propter
780 3549 916 3613 vulnera
949 3549 1087 3614 militum
1121 3562 1156 3616 et
