2430 4028
349 281 461 331 ninus
478 282 513 344 11,
534 281 610 332 oar.
629 283 705 333 4-7.
978 283 1021 348 45

81 471 215 538 iniebat.
245 471 283 535 In
307 493 345 535 eo
368 470 501 537 flumine
524 494 607 557 pons
631 482 711 537 erat.
746 471 796 536 Ibi
820 473 1043 558 praesidiumo

81 578 135 641 >uit
157 583 189 640 et
210 578 244 640 in
267 575 373 641 altera
394 587 489 662 parte
510 576 652 642 fluminis
676 576 836 659 Quintum
860 578 1021 643 Titurium

81 680 199 745 »binum
232 679 376 765 legatum
415 702 490 745 cum
527 704 585 745 sex
621 680 812 747 cohortibus
851 681 1019 767 relinquit3

84 795 151 848 stra
172 785 203 847 in
222 782 427 849 altitudinem
442 784 562 870 pedum
585 803 636 848 ΧΠ
659 785 745 850 vallo
770 787 926 871 fossaque
943 786 1020 851 duo-

81 888 196 971 viginti
219 887 339 972 pedum
361 889 487 952 munire
509 887 609 953 iubet.

127 989 156 1054 6.
182 989 233 1054 Ab
267 991 317 1056 bis
351 993 467 1057 eastris
497 991 652 1077 oppidum
682 993 856 1058 Remorum
890 993 1021 1059 nomine

81 1095 169 1161 brax
199 1095 314 1160 aberat
342 1095 432 1160 milia
460 1117 617 1180 passuum
641 1106 726 1161 octo.
771 1096 811 1162 ld
843 1121 884 1163 ex
907 1098 1022 1163 itinere

81 1222 160 1283 agno
184 1201 307 1284 impetu
330 1199 453 1284 Belgae
478 1222 667 1285 oppugnare
690 1211 879 1287 coeperunt.
913 1203 1022 1287 Aegre

95 1303 149 1369 die
173 1313 387 1369 sustentatum
412 1313 471 1368 est.
496 1302 667 1369 Gallorum
692 1305 808 1370 eadem
833 1314 931 1392 atque
948 1306 1043 1370 Bel-a

81 1431 157 1472 ¹rum
181 1411 382 1493 oppugnatio
406 1417 455 1472 est
472 1405 565 1472 baec.
590 1407 655 1473 Ubi
679 1410 890 1474 circumiecta
913 1409 1020 1475 multi-

81 1511 152 1575 dine
176 1510 342 1576 homiuum
365 1514 442 1577 totis
465 1511 636 1576 moenibus
659 1512 802 1596 undique
831 1515 864 1576 in
893 1535 1021 1579 murum

81 1615 168 1700 pides
193 1617 258 1680 iaci
281 1618 390 1700 ooepti
415 1624 491 1680 sunt
514 1637 689 1701 murusque
718 1615 943 1681 defensoribus
966 1640 1022 1683 nu·

81 1727 137 1784 tus
154 1727 214 1801 est,
231 1718 393 1783 testudine
416 1719 506 1782 faeta
526 1719 666 1804 [portas]
684 1720 865 1785 succedunt
880 1741 1021 1785 murum·

81 1845 103 1887 ‚e
128 1820 297 1887 subruunt.
343 1821 441 1901 Quod
469 1831 538 1886 tum
560 1821 658 1914 facile
680 1821 789 1886 fiebat.
835 1823 918 1888 Nam
947 1846 1042 1889 cumr

81 1936 133 1992 nta
155 1926 328 1991 multitudo
350 1925 477 2011 lapides
501 1948 540 1991 ae
564 1925 630 1990 tela
654 1928 851 2005 conicerent,
876 1929 909 1992 in
928 1951 1020 1994 muro

81 2029 243 2096 nsistendi
272 2039 420 2114 potestas
449 2039 520 2095 erat
551 2029 641 2095 nulli.
687 2028 769 2094 Cum
791 2030 889 2096 finem
919 2055 1044 2118 oppa-u

81 2134 164 2200 ‚andi
187 2157 256 2198 nox
271 2134 416 2216 fecisset,
432 2133 539 2198 leoins
555 2134 686 2215 Remus,
703 2157 830 2199 summa
849 2135 1021 2201 nobilitate

100 2240 209 2322 gratia
237 2241 322 2304 inter
351 2260 443 2320 suos,
479 2239 532 2324 qui
567 2247 635 2303 tum
670 2239 791 2324 oppido
826 2241 1021 2324 praefuerat,

81 2367 124 2408 us
148 2366 190 2408 ex
213 2345 263 2426 iis,
291 2345 346 2428 qui
366 2343 468 2427 legati
491 2342 531 2407 de
554 2364 637 2426 paee
660 2342 703 2407 ad
726 2341 901 2409 Caesarem
925 2368 1021 2409 vene·

81 2458 125 2529 nt,
158 2451 309 2512 nuntium
343 2446 387 2510 ad
416 2469 486 2511 eum
517 2447 632 2511 mittit:
667 2448 729 2510 nisi
755 2446 934 2512 subsidium
959 2447 1022 2513 sibi

80 2551 262 2634 bmittatur‚
288 2573 359 2617 sese
382 2549 503 2615 diutius
527 2551 687 2615 sustinere
709 2573 776 2615 non
800 2573 911 2637 posse.

129 2655 159 2718 7.
184 2655 235 2719 Eo
264 2655 305 2720 de
335 2654 443 2719 media
472 2663 569 2719 noete
592 2652 716 2718 Caesar
743 2655 859 2719 iisdem
883 2654 1022 2720 ducibus

81 2781 131 2840 us,
167 2761 222 2844 qui
255 2759 360 2823 nuntii
394 2756 437 2822 ab
471 2758 560 2822 Iooio
596 2768 766 2840 venerant,
801 2758 961 2823 Numidas
990 2769 1022 2822 ot

81 2872 157 2929 etas
187 2865 374 2946 sagittarios
409 2870 441 2925 et
473 2859 655 2926 funditores
684 2861 840 2927 Baleares
876 2861 1021 2926 subsidio

81 2967 219 3053 pidanis
234 2966 348 3046 mittit3
372 2987 510 3050 quorum
527 2965 670 3030 adventu
693 2974 726 3028 et
739 2965 851 3030 Remis
868 2987 943 3030 oum
962 2986 1043 3050 spes

81 3071 240 3136 fensionis
267 3070 410 3135 studium
434 3069 664 3155 propugnandi
688 3072 838 3152 accessit,
866 3078 899 3134 et
920 3068 1020 3134 hosti-

81 3199 100 3240 s
125 3173 241 3239 eadem
259 3173 305 3238 'de
329 3196 429 3239 eausa
452 3196 527 3258 spes
550 3173 699 3257 potiundi
723 3173 836 3257 oppidi
859 3173 1021 3238 discessit.

81 3300 157 3365 tque
191 3278 357 3364 paulisper
391 3277 481 3363 apud
515 3276 671 3363 oppidum
706 3279 823 3341 morati
859 3298 1042 3361 agrosquea

81 3404 216 3448 imorum
250 3380 439 3467 depopulati
480 3379 630 3445 omnibus
663 3381 746 3444 vicis
788 3379 1020 3465 aedificiisque,

81 3509 122 3551 os
151 3486 243 3551 adire
270 3494 461 3572 potuerant,
496 3486 637 3549 incensis
661 3483 704 3548 ad
734 3493 846 3549 castra
868 3481 1021 3548 Caesaris

81 3590 193 3655 rnibus
217 3590 320 3675 copiis
342 3588 580 3655 contenderunt
602 3597 633 3652 et
650 3586 692 3652 ab
709 3587 840 3652 milibus
863 3609 1020 3672 passuum
