2430 4028
136 256 202 321 220
447 257 495 304 us:
515 253 634 304 sunno
656 251 815 303 (launico

135 446 223 510 bitus
238 445 461 526 auctoritatis,
480 439 595 519 ‘nihil',
613 445 729 529 inquit,
747 439 803 507 ‘de
826 465 940 509 eorum
955 446 1120 509 sententia

137 549 283 613 dicturus
308 571 390 629 sum,
409 550 461 633 qui
487 549 709 631 turpissimam
733 549 922 613 servitutem
945 547 1121 612 deditionis

135 654 266 716 nomine
290 652 467 737 appellant,
492 672 598 736 neque
620 649 680 715 hos
704 649 876 716 habendos
899 653 1023 716 civium
1046 650 1121 716 loco

113 777 241 841 sueque
275 756 318 819 ad
346 756 518 820 consilium
546 751 751 818 adhibendos
785 777 915 820 censeo.
961 755 1047 819 Cum
1070 754 1121 818 bis

135 860 213 925 milri
243 884 295 924 res
324 861 381 939 sit,
417 861 473 942 qui
496 860 699 943 eruptionem
729 857 886 941 probant3
921 880 1063 943 quorum
1089 861 1121 922 in

136 964 272 1029 consilio
290 964 433 1027 omnium
450 971 595 1026 vestrum
618 983 779 1026 consensu
795 963 955 1047 pristinae
975 960 1122 1026 residere

113 1068 264 1130 svirtutis
295 1067 453 1129 memoria
482 1063 618 1128 videtur.
665 1063 774 1128 Animi
804 1074 853 1128 est
883 1067 949 1129 ista
970 1063 1122 1143 mollitia,

135 1192 201 1233 non
225 1171 340 1243 virtus,
364 1168 532 1253 paulisper
554 1169 700 1251 inopiam
724 1168 807 1231 ferre
829 1190 895 1232 non
917 1190 1029 1253 posse.
1054 1167 1121 1249 Qui

138 1296 172 1336 se
201 1271 285 1336 ultro
316 1272 412 1335 morti
437 1272 585 1350 offerant,
619 1271 747 1334 facilius
770 1272 987 1357 reperiuntur,
1023 1294 1122 1357 quam

116 1378 192 1461 equi
214 1375 361 1441 dolorem
384 1377 547 1460 patienter
570 1376 686 1440 ferant.
724 1376 832 1459 Atque
854 1394 915 1458 ego
939 1374 1028 1439 hanc
1052 1399 1122 1441 scn-

135 1482 271 1544 tentiam
287 1478 461 1564 probarem
486 1481 627 1558 (tantum
651 1477 738 1561 apud
754 1500 806 1542 me
822 1477 968 1560 dignitas
984 1480 1122 1563 potest),

136 1586 164 1647 si
186 1581 308 1646 nullam
333 1590 565 1666 praeterquam
593 1582 680 1645 vitae
702 1589 836 1645 nostrae
865 1582 1029 1647 iacturam
1051 1581 1122 1647 fieri

114 1684 296 1763 :viderem3
319 1683 388 1767 :sed
411 1686 444 1748 in
467 1683 605 1748 consilio
630 1683 791 1768 capiendo
823 1706 953 1748 omnem
975 1682 1122 1751 Galliam

135 1789 367 1872 respiciamus,
401 1811 498 1872 quam
522 1788 566 1852 ad
587 1798 735 1852 nostrum
759 1787 919 1852 auxilinm
942 1788 1121 1853 concitavi·

113 1914 216 1956 amus.
256 1891 345 1972 Quid
368 1890 535 1955 hominum
559 1890 691 1955 milibus
715 1908 811 1953 cxxx
834 1912 899 1954 uno
922 1889 999 1954 loco
1024 1893 1122 1957 inter·

134 1994 230 2058 fectis
249 1996 443 2080 propinquis
462 1995 778 2078 consanguineisque
794 1993 915 2057 nostris
930 1994 1033 2058 animi
1050 1995 1120 2060 fors

136 2099 352 2179 existimatis,
387 2100 412 2161 si
444 2120 548 2182 paene
577 2100 609 2160 in
639 2098 719 2182 ipsis
742 2095 963 2162 cadaveribus
991 2098 1120 2184 proelio

113 2201 303 2269 adecertare
327 2201 508 2284 cogentur?
544 2200 655 2265 Nolite
682 2201 743 2265 hos
767 2209 875 2264 vestro
908 2200 1037 2266 auxilio
1066 2225 1121 2268 cx-

137 2304 289 2390 spoliare‚
325 2306 378 2390 qui
404 2313 531 2367 vestrae
555 2303 669 2368 salutis
693 2325 796 2367 causa
820 2326 915 2368 suum
937 2304 1121 2389 periculum

135 2408 357 2492 neglexerunt,
386 2429 448 2471 nec
478 2407 615 2470 stultitia
644 2429 684 2471 ac
713 2409 896 2471 temeritate
924 2418 1039 2473 vestra
1065 2420 1123 2475 aut

137 2513 236 2576 animi
259 2509 483 2575 imbecillitate
517 2533 645 2574 omnem
678 2509 823 2574 Galliam
854 2519 1064 2594 prosternere
1089 2521 1122 2578 et

100 2646 126 2683 lo
137 2624 313 2699 perpetuae
337 2616 484 2678 servituti
509 2612 667 2678 subicere.
691 2611 754 2695 An,
772 2613 860 2698 quod
883 2613 927 2680 ad
943 2613 1032 2680 diem
1054 2639 1119 2682 non

135 2728 309 2791 venerunt,
345 2717 385 2781 de
414 2739 526 2781 eorum
563 2715 628 2779 fide
651 2719 901 2801 constantiaque
936 2716 1121 2785 dubitatis?

136 2821 225 2902 Quid
255 2819 356 2902 ergo?
390 2820 557 2883 Romanos
580 2821 612 2882 in
636 2818 702 2883 illis
726 2818 934 2883 ulterioribus
967 2823 1121 2887 munitio·

103 2923 232 2991 unibus
260 2924 401 2987 animine
436 2945 539 2986 causa
570 2922 690 2986 cotidie
719 2924 864 2987 exerceri
890 2923 1041 3008 putatis?
1084 2923 1119 2989 Si

136 3027 262 3094 illorum
285 3028 407 3091 nuntiis
431 3026 618 3090 confirmari
649 3048 714 3089 non
743 3028 880 3111 potestis
910 3029 1000 3091 omni
1029 3028 1120 3094 aditu

135 3142 343 3216 praesaepto,
358 3131 408 3194 his
424 3132 551 3194 utimini
569 3130 708 3196 testibus
721 3131 986 3215 appropinquare
1004 3154 1118 3199 eorum

136 3235 331 3316 adventum3
362 3235 454 3298 cuius
477 3235 523 3297 rei
547 3236 662 3298 timore
694 3234 841 3298 exterriti
865 3233 951 3298 diem
974 3246 1118 3302 noctem·

103 3360 200 3422 reque
221 3341 255 3402 in
279 3360 377 3422 opere
392 3345 574 3402 versantur.
599 3335 687 3416 Quid
710 3358 788 3420 ergo
809 3338 872 3400 mei
893 3337 1025 3402 consilii
1047 3338 1120 3404 est?

137 3441 273 3523 Facere,
297 3442 385 3526 quod
408 3442 511 3504 nostri
534 3442 675 3504 maiores
697 3461 905 3525 nequaqnam
934 3441 1008 3526 pari
1029 3441 1118 3508 bello

138 3544 344 3610 Cimbrorum
374 3546 622 3627 Teutonumque
656 3543 818 3625 lecerunt3
852 3545 907 3629 qui
936 3546 970 3607 in
994 3546 1118 3631 oppida
