2430 4028
361 243 472 293 ursan
489 244 534 306 vr,
555 243 630 292 cnr.
650 245 760 294 er-oo.
985 240 1047 302 150

64 435 216 501 infirmas
245 434 380 501 arbores
403 434 548 521 pondere
572 433 723 518 affligunt
746 443 844 519 atque
867 456 933 499 una
955 435 1047 520 ipsae

67 539 259 604 concidunt.

155 641 207 705 28.
230 642 377 707 Tertium
411 651 463 707 est
488 664 592 727 genus
620 663 748 722 eorum,
784 642 839 727 qui
867 643 916 706 uri
940 641 1051 728 appel-

65 747 189 812 lantur.
211 745 256 810 Hi
280 755 356 812 sunt
370 745 595 830 magnitudine
612 744 710 833 paulo
736 746 821 810 infra
843 743 1072 831 elephantos‚r

67 852 180 937 specie
209 859 243 915 et
265 850 374 916 colore
403 859 436 914 et
457 849 563 933 figura
585 852 680 916 tauri.
718 850 842 934 Magna
863 851 915 914 vis
938 871 1049 913 eorum

66 963 118 1020 est
141 964 175 1020 et
197 976 318 1039 magna
341 953 514 1037 velocitas,
549 976 654 1039 neque
677 953 799 1018 homini
822 975 928 1038 neque
949 952 1049 1034 serae,

67 1079 170 1144 quam
197 1066 455 1145 conspexerunt,
484 1066 634 1142 parcunt.
679 1057 751 1122 Hos
775 1057 922 1122 studiose
944 1055 1072 1120 foveisa

66 1170 186 1248 captos
218 1161 427 1228 interficiunt.
460 1162 535 1227 Hoc
571 1183 606 1226 se
639 1161 753 1227 labore
787 1161 907 1226 durant
938 1158 1050 1226 adule-

68 1273 202 1331 scentes
234 1274 334 1353 atque
363 1265 425 1331 hoc
459 1287 578 1350 genere
599 1266 784 1331 venationis
818 1275 989 1346 exercent,
1019 1276 1052 1333 et

68 1369 124 1455 qui
148 1369 306 1455 plurimos
336 1392 378 1433 ex
412 1369 462 1433 his
483 1369 734 1452 interfecerunt,
758 1367 870 1434 relatis
893 1370 926 1432 in
949 1369 1052 1455 publi-

68 1494 144 1538 cum
169 1473 334 1557 cornibus,
354 1495 437 1559 quae
461 1474 525 1538 sint
547 1474 745 1555 testimonio,
765 1495 920 1556 magnam
944 1472 1052 1538 ferunt

68 1576 213 1641 laudem.
251 1577 317 1643 Sed
339 1599 531 1642 assuescere
554 1575 598 1641 ad
620 1575 768 1641 homines
791 1585 823 1640 et
845 1576 1074 1641 mansuefieris

68 1702 110 1743 ne
133 1679 266 1764 parvuli
289 1680 419 1766 quidem
443 1682 576 1765 excepti
594 1687 742 1763 possunt.
765 1679 958 1765 Amplitudo
983 1700 1073 1746 cor-⁵

72 1805 175 1848 nuum
198 1792 231 1848 et
245 1782 351 1868 figura
374 1793 406 1848 et
421 1783 548 1868 species
563 1783 700 1848 multum
717 1804 737 1847 a
751 1792 938 1849 nostrorum
953 1783 1053 1848 boum

70 1885 229 1952 cornibus
253 1886 368 1952 differt.
392 1888 486 1952 Haec
512 1887 658 1953 studiose
677 1889 862 1973 conquisita
885 1887 926 1952 ab
951 1887 1075 1952 labriso

71 1998 210 2074 argento
234 1990 494 2057 circumcludunt
523 2000 621 2078 atque
652 1993 685 2056 in
708 1991 918 2077 amplissimis
948 1990 1053 2077 epulis

70 2116 130 2182 pro
155 2093 285 2180 poculis
307 2104 450 2160 utuntur.

158 2195 212 2261 29.
247 2195 386 2283 Caesar,
421 2209 595 2286 postquam
617 2222 676 2285 per
697 2199 804 2266 Ubios
828 2198 1055 2285 exploratores

71 2303 234 2388 comperit
263 2301 390 2368 Suebos
419 2326 492 2369 sese
518 2307 551 2370 in
575 2303 675 2368 silvas
698 2306 878 2388 recepisse,
910 2304 1055 2388 inopiam

71 2407 227 2472 frumenti
257 2408 394 2490 veritus,
429 2408 534 2494 quod,
569 2416 727 2492 utsupra
751 2407 1056 2484 demonstravimus,

72 2513 206 2578 minime
230 2531 344 2576 omnes
368 2510 525 2576 Germani
548 2512 769 2597 agriculturae
799 2510 946 2594 student,
981 2533 1057 2575 con·

73 2616 180 2681 stituit
201 2637 269 2679 non
284 2615 438 2700 progredi
460 2615 605 2699 longius3
630 2616 698 2698 sed,
721 2638 762 2680 ne
779 2616 911 2681 omnino
935 2623 1080 2678 metums

73 2718 199 2783 reditus
225 2718 274 2782 sui
289 2717 441 2784 barbaris
465 2718 594 2786 tolleret
617 2729 715 2804 etque
738 2728 774 2784 ut
797 2741 910 2784 eorum
933 2717 1058 2782 auxilia

75 2821 240 2905 tardaret,
270 2822 406 2888 reducto
438 2826 586 2889 exercitu
609 2832 736 2909 partem
759 2822 908 2888 ultimam
938 2822 1057 2907 pontis,

75 2947 159 3012 quae
189 2927 280 3011 ripas
304 2925 463 2992 Ubiorum
493 2927 722 3011 contingebat,
758 2929 792 2992 in
821 2924 1059 3010 longitudinem

73 3028 198 3114 pedum
214 3027 428 3095 ducentorum
451 3030 610 3095 rescindit
626 3040 723 3116 atque
746 3032 779 3094 in
796 3038 942 3094 extremo
960 3039 1083 3113 pontes

74 3134 191 3198 turrim
213 3131 437 3199 tabulatorum
467 3143 621 3220 quattuor
650 3135 820 3199 constituit
842 3131 1062 3218 ,praesidium-

76 3258 139 3322 que
162 3235 346 3303 cohortium
370 3237 544 3304 duodecim
575 3244 684 3323 pontis
707 3237 820 3303 tuendi
843 3259 944 3301 causa
967 3237 1061 3321 ponit

75 3345 272 3426 magnisque
295 3363 370 3407 eum
392 3341 501 3406 locum
517 3340 754 3407 munitionibus
777 3341 897 3405 firmat.
921 3341 963 3405 Ei
985 3338 1059 3403 loco

77 3442 310 3530 praesidioque
322 3444 444 3511 Gaium
457 3445 644 3512 Volcatium
663 3445 795 3511 Tullum
817 3443 1061 3510 adulescentem

77 3548 247 3641 praefecit.
263 3549 350 3636 Ipse,
366 3572 441 3620 cum
456 3559 678 3616 maturescere
691 3550 853 3615 frumenta
868 3549 1084 3633 inciperents
