<?xml version="1.0" encoding="UTF-8"?>
<!DOCTYPE html PUBLIC "-//W3C//DTD XHTML 1.0 Transitional//EN"
    "http://www.w3.org/TR/xhtml1/DTD/xhtml1-transitional.dtd">
<html xmlns="http://www.w3.org/1999/xhtml" xml:lang="en" lang="en">
 <head>
  <title>
</title>
<meta http-equiv="Content-Type" content="text/html;charset=utf-8" />
  <meta name='ocr-system' content='tesseract 3.04.00' />
  <meta name='ocr-capabilities' content='ocr_page ocr_carea ocr_par ocr_line ocrx_word'/>
</head>
<body>
  <div class='ocr_page' id='page_1' title='image "./ciuliicaesarisc01hoffgoog_0013.png"; bbox 0 0 2430 4028; ppageno 0'>
   <div class='ocr_carea' id='block_1_1' title="bbox 143 241 813 305">
    <p class='ocr_par' dir='ltr' id='par_1_1' title="bbox 143 241 813 305">
     <span class='ocr_line' id='line_1_1' title="bbox 143 241 813 305; baseline 0.001 -11"><span class='ocrx_word' id='word_1_1' title='bbox 143 241 165 305; x_wconf 90' lang='grc'>4</span> <span class='ocrx_word' id='word_1_2' title='bbox 445 245 496 294; x_wconf 81' lang='lat' dir='ltr'>Du</span> <span class='ocrx_word' id='word_1_3' title='bbox 514 245 634 296; x_wconf 87' lang='lat' dir='ltr'>BELLO</span> <span class='ocrx_word' id='word_1_4' title='bbox 655 245 813 296; x_wconf 80' lang='lat' dir='ltr'>GALLICO</span> 
     </span>
    </p>
   </div>
   <div class='ocr_carea' id='block_1_2' title="bbox 38 432 1136 3629">
    <p class='ocr_par' dir='ltr' id='par_1_2' title="bbox 38 432 1136 3629">
     <span class='ocr_line' id='line_1_2' title="bbox 38 432 1124 522; baseline 0.008 -29"><span class='ocrx_word' id='word_1_5' title='bbox 38 503 40 506; x_wconf 80' lang='lat'>.</span> <span class='ocrx_word' id='word_1_6' title='bbox 123 453 218 498; x_wconf 78' lang='lat' dir='ltr'>resse</span> <span class='ocrx_word' id='word_1_7' title='bbox 242 432 386 518; x_wconf 84' lang='lat' dir='ltr'>dubium,</span> <span class='ocrx_word' id='word_1_8' title='bbox 411 437 488 520; x_wconf 93' lang='lat' dir='ltr'>quin</span> <span class='ocrx_word' id='word_1_9' title='bbox 511 438 611 501; x_wconf 86' lang='lat' dir='ltr'>totius</span> <span class='ocrx_word' id='word_1_10' title='bbox 634 435 764 500; x_wconf 82' lang='lat' dir='ltr'>Galliae</span> <span class='ocrx_word' id='word_1_11' title='bbox 787 436 962 522; x_wconf 90' lang='lat' dir='ltr'>plurimum</span> <span class='ocrx_word' id='word_1_12' title='bbox 978 437 1124 502; x_wconf 90' lang='lat' dir='ltr'>Helvetii</span> 
     </span>
     <span class='ocr_line' id='line_1_3' title="bbox 145 540 1123 627; baseline 0.006 -27"><span class='ocrx_word' id='word_1_13' title='bbox 145 546 296 621; x_wconf 79' lang='lat' dir='ltr'>possent3</span> <span class='ocrx_word' id='word_1_14' title='bbox 329 560 363 602; x_wconf 91' lang='lat' dir='ltr'>se</span> <span class='ocrx_word' id='word_1_15' title='bbox 393 541 460 604; x_wconf 88' lang='lat' dir='ltr'>suis</span> <span class='ocrx_word' id='word_1_16' title='bbox 483 541 588 624; x_wconf 90' lang='lat' dir='ltr'>copiis</span> <span class='ocrx_word' id='word_1_17' title='bbox 614 563 737 626; x_wconf 91' lang='lat' dir='ltr'>suoque</span> <span class='ocrx_word' id='word_1_18' title='bbox 765 541 913 605; x_wconf 88' lang='lat' dir='ltr'>exercitu</span> <span class='ocrx_word' id='word_1_19' title='bbox 935 540 998 605; x_wconf 89' lang='lat' dir='ltr'>illis</span> <span class='ocrx_word' id='word_1_20' title='bbox 1021 565 1123 627; x_wconf 87' lang='lat' dir='ltr'>regna</span> 
     </span>
     <span class='ocr_line' id='line_1_4' title="bbox 123 640 1124 711; baseline 0.008 -10"><span class='ocrx_word' id='word_1_21' title='bbox 123 640 392 706; x_wconf 81' lang='lat' dir='ltr'>aconciliaturum</span> <span class='ocrx_word' id='word_1_22' title='bbox 409 643 590 707; x_wconf 90' lang='lat' dir='ltr'>confirmat.</span> <span class='ocrx_word' id='word_1_23' title='bbox 618 644 689 710; x_wconf 91' lang='lat' dir='ltr'>Hac</span> <span class='ocrx_word' id='word_1_24' title='bbox 714 645 860 709; x_wconf 85' lang='lat' dir='ltr'>oratione</span> <span class='ocrx_word' id='word_1_25' title='bbox 884 643 1017 709; x_wconf 88' lang='lat' dir='ltr'>adducti</span> <span class='ocrx_word' id='word_1_26' title='bbox 1039 647 1124 711; x_wconf 88' lang='lat' dir='ltr'>inter</span> 
     </span>
     <span class='ocr_line' id='line_1_5' title="bbox 145 743 1121 834; baseline 0.008 -29"><span class='ocrx_word' id='word_1_27' title='bbox 145 765 180 806; x_wconf 90' lang='lat' dir='ltr'>se</span> <span class='ocrx_word' id='word_1_28' title='bbox 208 743 306 810; x_wconf 88' lang='lat' dir='ltr'>fidem</span> <span class='ocrx_word' id='word_1_29' title='bbox 336 754 368 809; x_wconf 89' lang='lat' dir='ltr'>et</span> <span class='ocrx_word' id='word_1_30' title='bbox 401 748 627 812; x_wconf 90' lang='lat' dir='ltr'>iusiurandum</span> <span class='ocrx_word' id='word_1_31' title='bbox 657 748 737 812; x_wconf 89' lang='lat' dir='ltr'>dant</span> <span class='ocrx_word' id='word_1_32' title='bbox 767 757 800 812; x_wconf 94' lang='lat' dir='ltr'>et</span> <span class='ocrx_word' id='word_1_33' title='bbox 826 770 927 832; x_wconf 89' lang='lat' dir='ltr'>regno</span> <span class='ocrx_word' id='word_1_34' title='bbox 960 759 1121 834; x_wconf 92' lang='lat' dir='ltr'>occupato</span> 
     </span>
     <span class='ocr_line' id='line_1_6' title="bbox 144 850 1122 936; baseline 0.006 -26"><span class='ocrx_word' id='word_1_35' title='bbox 144 869 204 930; x_wconf 93' lang='lat' dir='ltr'>per</span> <span class='ocrx_word' id='word_1_36' title='bbox 226 856 292 913; x_wconf 87' lang='lat' dir='ltr'>tres</span> <span class='ocrx_word' id='word_1_37' title='bbox 308 851 555 933; x_wconf 89' lang='lat' dir='ltr'>potentissimos</span> <span class='ocrx_word' id='word_1_38' title='bbox 578 873 618 914; x_wconf 87' lang='lat' dir='ltr'>ac</span> <span class='ocrx_word' id='word_1_39' title='bbox 636 851 841 916; x_wconf 90' lang='lat' dir='ltr'>firmissimos</span> <span class='ocrx_word' id='word_1_40' title='bbox 857 850 997 936; x_wconf 91' lang='lat' dir='ltr'>populos</span> <span class='ocrx_word' id='word_1_41' title='bbox 1021 855 1122 916; x_wconf 89' lang='lat' dir='ltr'>totius</span> 
     </span>
     <span class='ocr_line' id='line_1_7' title="bbox 147 950 781 1039; baseline 0 -23"><span class='ocrx_word' id='word_1_42' title='bbox 147 950 276 1016; x_wconf 87' lang='lat' dir='ltr'>Galliae</span> <span class='ocrx_word' id='word_1_43' title='bbox 300 974 372 1018; x_wconf 86' lang='lat' dir='ltr'>sese</span> <span class='ocrx_word' id='word_1_44' title='bbox 395 956 494 1038; x_wconf 95' lang='lat' dir='ltr'>potiri</span> <span class='ocrx_word' id='word_1_45' title='bbox 518 977 616 1039; x_wconf 89' lang='lat' dir='ltr'>posse</span> <span class='ocrx_word' id='word_1_46' title='bbox 640 965 781 1038; x_wconf 87' lang='lat' dir='ltr'>sperant.</span> 
     </span>
     <span class='ocr_line' id='line_1_8' title="bbox 230 1055 1123 1142; baseline 0.003 -25"><span class='ocrx_word' id='word_1_47' title='bbox 230 1055 261 1119; x_wconf 90' lang='grc'>4.</span> <span class='ocrx_word' id='word_1_48' title='bbox 287 1058 337 1121; x_wconf 89' lang='lat' dir='ltr'>Ea</span> <span class='ocrx_word' id='word_1_49' title='bbox 360 1080 413 1122; x_wconf 92' lang='lat' dir='ltr'>res</span> <span class='ocrx_word' id='word_1_50' title='bbox 437 1066 487 1121; x_wconf 86' lang='lat' dir='ltr'>est</span> <span class='ocrx_word' id='word_1_51' title='bbox 503 1057 663 1121; x_wconf 89' lang='lat' dir='ltr'>Helvetiis</span> <span class='ocrx_word' id='word_1_52' title='bbox 682 1080 741 1142; x_wconf 91' lang='lat' dir='ltr'>per</span> <span class='ocrx_word' id='word_1_53' title='bbox 764 1058 920 1122; x_wconf 92' lang='lat' dir='ltr'>indicium</span> <span class='ocrx_word' id='word_1_54' title='bbox 944 1061 1123 1123; x_wconf 89' lang='lat' dir='ltr'>enuntiata.</span> 
     </span>
     <span class='ocr_line' id='line_1_9' title="bbox 146 1159 1125 1245; baseline -0.001 -20"><span class='ocrx_word' id='word_1_55' title='bbox 146 1159 293 1226; x_wconf 88' lang='lat' dir='ltr'>Moribus</span> <span class='ocrx_word' id='word_1_56' title='bbox 324 1161 392 1225; x_wconf 89' lang='lat' dir='ltr'>suis</span> <span class='ocrx_word' id='word_1_57' title='bbox 416 1159 646 1245; x_wconf 82' lang='lat' dir='ltr'>Orgetorigem</span> <span class='ocrx_word' id='word_1_58' title='bbox 675 1185 717 1225; x_wconf 88' lang='lat' dir='ltr'>ex</span> <span class='ocrx_word' id='word_1_59' title='bbox 745 1160 885 1225; x_wconf 90' lang='lat' dir='ltr'>vinculis</span> <span class='ocrx_word' id='word_1_60' title='bbox 916 1183 1050 1226; x_wconf 87' lang='lat' dir='ltr'>causam</span> <span class='ocrx_word' id='word_1_61' title='bbox 1080 1161 1125 1225; x_wconf 91' lang='lat' dir='ltr'>di-</span> 
     </span>
     <span class='ocr_line' id='line_1_10' title="bbox 146 1263 1122 1351; baseline -0.004 -21"><span class='ocrx_word' id='word_1_62' title='bbox 146 1289 220 1330; x_wconf 91' lang='lat' dir='ltr'>cere</span> <span class='ocrx_word' id='word_1_63' title='bbox 236 1274 422 1351; x_wconf 66' lang='lat' dir='ltr'>coegerunt·</span> <span class='ocrx_word' id='word_1_64' title='bbox 445 1265 649 1330; x_wconf 89' lang='lat' dir='ltr'>Damnatum</span> <span class='ocrx_word' id='word_1_65' title='bbox 664 1287 805 1349; x_wconf 89' lang='lat' dir='ltr'>poenam</span> <span class='ocrx_word' id='word_1_66' title='bbox 829 1267 921 1350; x_wconf 87' lang='lat' dir='ltr'>sequi</span> <span class='ocrx_word' id='word_1_67' title='bbox 939 1263 1122 1351; x_wconf 82' lang='lat' dir='ltr'>oportebat,</span> 
     </span>
     <span class='ocr_line' id='line_1_11' title="bbox 126 1367 1125 1453; baseline -0.002 -21"><span class='ocrx_word' id='word_1_68' title='bbox 126 1380 182 1435; x_wconf 84' lang='lat' dir='ltr'>aut</span> <span class='ocrx_word' id='word_1_69' title='bbox 204 1370 271 1453; x_wconf 85' lang='lat' dir='ltr'>igni</span> <span class='ocrx_word' id='word_1_70' title='bbox 295 1377 502 1433; x_wconf 84' lang='lat' dir='ltr'>cremaretur.</span> <span class='ocrx_word' id='word_1_71' title='bbox 538 1369 603 1433; x_wconf 90' lang='lat' dir='ltr'>Dio</span> <span class='ocrx_word' id='word_1_72' title='bbox 625 1369 803 1433; x_wconf 89' lang='lat' dir='ltr'>constituta</span> <span class='ocrx_word' id='word_1_73' title='bbox 825 1389 947 1432; x_wconf 85' lang='lat' dir='ltr'>causae</span> <span class='ocrx_word' id='word_1_74' title='bbox 972 1367 1125 1431; x_wconf 89' lang='lat' dir='ltr'>dictionis</span> 
     </span>
     <span class='ocr_line' id='line_1_12' title="bbox 148 1470 1125 1556; baseline -0.004 -18"><span class='ocrx_word' id='word_1_75' title='bbox 148 1473 328 1556; x_wconf 85' lang='lat' dir='ltr'>Orgetorix</span> <span class='ocrx_word' id='word_1_76' title='bbox 355 1470 399 1535; x_wconf 87' lang='lat' dir='ltr'>ad</span> <span class='ocrx_word' id='word_1_77' title='bbox 427 1471 583 1536; x_wconf 88' lang='lat' dir='ltr'>iudicium</span> <span class='ocrx_word' id='word_1_78' title='bbox 607 1494 735 1536; x_wconf 90' lang='lat' dir='ltr'>omnem</span> <span class='ocrx_word' id='word_1_79' title='bbox 759 1493 853 1535; x_wconf 88' lang='lat' dir='ltr'>suam</span> <span class='ocrx_word' id='word_1_80' title='bbox 874 1470 1051 1550; x_wconf 84' lang='lat' dir='ltr'>familiam,</span> <span class='ocrx_word' id='word_1_81' title='bbox 1082 1471 1125 1534; x_wconf 89' lang='lat' dir='ltr'>ad</span> 
     </span>
     <span class='ocr_line' id='line_1_13' title="bbox 147 1574 1125 1659; baseline -0.003 -19"><span class='ocrx_word' id='word_1_82' title='bbox 147 1577 316 1641; x_wconf 91' lang='lat' dir='ltr'>bominum</span> <span class='ocrx_word' id='word_1_83' title='bbox 348 1574 439 1640; x_wconf 91' lang='lat' dir='ltr'>milia</span> <span class='ocrx_word' id='word_1_84' title='bbox 473 1574 603 1659; x_wconf 89' lang='lat' dir='ltr'>decem,</span> <span class='ocrx_word' id='word_1_85' title='bbox 638 1575 782 1659; x_wconf 91' lang='lat' dir='ltr'>undique</span> <span class='ocrx_word' id='word_1_86' title='bbox 813 1577 921 1658; x_wconf 77' lang='lat' dir='ltr'>coegit</span> <span class='ocrx_word' id='word_1_87' title='bbox 949 1584 982 1639; x_wconf 96' lang='lat' dir='ltr'>et</span> <span class='ocrx_word' id='word_1_88' title='bbox 1012 1596 1125 1639; x_wconf 84' lang='lat' dir='ltr'>omnes</span> 
     </span>
     <span class='ocr_line' id='line_1_14' title="bbox 148 1677 1126 1764; baseline -0.003 -20"><span class='ocrx_word' id='word_1_89' title='bbox 148 1681 283 1746; x_wconf 91' lang='lat' dir='ltr'>clientes</span> <span class='ocrx_word' id='word_1_90' title='bbox 318 1677 556 1764; x_wconf 82' lang='lat' dir='ltr'>obaeratosque</span> <span class='ocrx_word' id='word_1_91' title='bbox 586 1701 677 1762; x_wconf 87' lang='lat' dir='ltr'>suos,</span> <span class='ocrx_word' id='word_1_92' title='bbox 714 1700 852 1763; x_wconf 89' lang='lat' dir='ltr'>quorum</span> <span class='ocrx_word' id='word_1_93' title='bbox 885 1699 1040 1762; x_wconf 88' lang='lat' dir='ltr'>magnum</span> <span class='ocrx_word' id='word_1_94' title='bbox 1069 1700 1126 1741; x_wconf 93' lang='lat' dir='ltr'>nu·</span> 
     </span>
     <span class='ocr_line' id='line_1_15' title="bbox 149 1781 1126 1867; baseline -0.003 -19"><span class='ocrx_word' id='word_1_95' title='bbox 149 1806 272 1848; x_wconf 90' lang='lat' dir='ltr'>merum</span> <span class='ocrx_word' id='word_1_96' title='bbox 288 1782 442 1866; x_wconf 87' lang='lat' dir='ltr'>babebat,</span> <span class='ocrx_word' id='word_1_97' title='bbox 456 1783 571 1848; x_wconf 92' lang='lat' dir='ltr'>eodem</span> <span class='ocrx_word' id='word_1_98' title='bbox 587 1781 762 1847; x_wconf 87' lang='lat' dir='ltr'>conduxit:</span> <span class='ocrx_word' id='word_1_99' title='bbox 778 1805 837 1867; x_wconf 91' lang='lat' dir='ltr'>per</span> <span class='ocrx_word' id='word_1_100' title='bbox 852 1806 919 1864; x_wconf 88' lang='lat' dir='ltr'>eos,</span> <span class='ocrx_word' id='word_1_101' title='bbox 932 1805 973 1846; x_wconf 92' lang='lat' dir='ltr'>ne</span> <span class='ocrx_word' id='word_1_102' title='bbox 989 1803 1126 1845; x_wconf 91' lang='lat' dir='ltr'>causam</span> 
     </span>
     <span class='ocr_line' id='line_1_16' title="bbox 129 1884 1126 1972; baseline 0 -24"><span class='ocrx_word' id='word_1_103' title='bbox 129 1889 283 1970; x_wconf 79' lang='lat' dir='ltr'>ediceret,</span> <span class='ocrx_word' id='word_1_104' title='bbox 301 1910 336 1952; x_wconf 90' lang='lat' dir='ltr'>se</span> <span class='ocrx_word' id='word_1_105' title='bbox 359 1888 486 1972; x_wconf 89' lang='lat' dir='ltr'>eripuit.</span> <span class='ocrx_word' id='word_1_106' title='bbox 510 1885 592 1951; x_wconf 83' lang='lat' dir='ltr'>Cum</span> <span class='ocrx_word' id='word_1_107' title='bbox 608 1887 725 1951; x_wconf 89' lang='lat' dir='ltr'>civitas</span> <span class='ocrx_word' id='word_1_108' title='bbox 750 1884 792 1951; x_wconf 93' lang='lat' dir='ltr'>ob</span> <span class='ocrx_word' id='word_1_109' title='bbox 815 1908 887 1949; x_wconf 92' lang='lat' dir='ltr'>eam</span> <span class='ocrx_word' id='word_1_110' title='bbox 902 1908 971 1949; x_wconf 93' lang='lat' dir='ltr'>rem</span> <span class='ocrx_word' id='word_1_111' title='bbox 989 1885 1126 1949; x_wconf 88' lang='lat' dir='ltr'>incitata</span> 
     </span>
     <span class='ocr_line' id='line_1_17' title="bbox 149 1988 1125 2076; baseline -0.003 -22"><span class='ocrx_word' id='word_1_112' title='bbox 149 1991 248 2055; x_wconf 89' lang='lat' dir='ltr'>armis</span> <span class='ocrx_word' id='word_1_113' title='bbox 272 1992 322 2055; x_wconf 93' lang='lat' dir='ltr'>ius</span> <span class='ocrx_word' id='word_1_114' title='bbox 346 2014 440 2056; x_wconf 88' lang='lat' dir='ltr'>suum</span> <span class='ocrx_word' id='word_1_115' title='bbox 458 1993 594 2076; x_wconf 81' lang='lat' dir='ltr'>exsequi</span> <span class='ocrx_word' id='word_1_116' title='bbox 611 1998 796 2069; x_wconf 84' lang='lat' dir='ltr'>conaretur,</span> <span class='ocrx_word' id='word_1_117' title='bbox 819 1988 1125 2073; x_wconf 86' lang='lat' dir='ltr'>multitudinemque</span> 
     </span>
     <span class='ocr_line' id='line_1_18' title="bbox 149 2091 1128 2179; baseline -0.005 -19"><span class='ocrx_word' id='word_1_118' title='bbox 149 2095 317 2160; x_wconf 90' lang='lat' dir='ltr'>hominum</span> <span class='ocrx_word' id='word_1_119' title='bbox 340 2117 382 2159; x_wconf 89' lang='lat' dir='ltr'>ex</span> <span class='ocrx_word' id='word_1_120' title='bbox 404 2096 492 2178; x_wconf 87' lang='lat' dir='ltr'>agris</span> <span class='ocrx_word' id='word_1_121' title='bbox 514 2096 727 2179; x_wconf 86' lang='lat' dir='ltr'>magistratus</span> <span class='ocrx_word' id='word_1_122' title='bbox 751 2102 922 2178; x_wconf 86' lang='lat' dir='ltr'>cogerent,</span> <span class='ocrx_word' id='word_1_123' title='bbox 951 2091 1128 2175; x_wconf 83' lang='lat' dir='ltr'>Orgetorix</span> 
     </span>
     <span class='ocr_line' id='line_1_19' title="bbox 151 2194 1128 2284; baseline -0.005 -21"><span class='ocrx_word' id='word_1_124' title='bbox 151 2208 298 2263; x_wconf 89' lang='lat' dir='ltr'>mortuus</span> <span class='ocrx_word' id='word_1_125' title='bbox 323 2208 389 2279; x_wconf 85' lang='lat' dir='ltr'>est;</span> <span class='ocrx_word' id='word_1_126' title='bbox 412 2221 517 2284; x_wconf 92' lang='lat' dir='ltr'>neque</span> <span class='ocrx_word' id='word_1_127' title='bbox 539 2196 634 2263; x_wconf 89' lang='lat' dir='ltr'>abest</span> <span class='ocrx_word' id='word_1_128' title='bbox 664 2198 823 2280; x_wconf 89' lang='lat' dir='ltr'>suspicio,</span> <span class='ocrx_word' id='word_1_129' title='bbox 852 2205 889 2260; x_wconf 89' lang='lat' dir='ltr'>ut</span> <span class='ocrx_word' id='word_1_130' title='bbox 910 2194 1054 2260; x_wconf 88' lang='lat' dir='ltr'>Helvetii</span> <span class='ocrx_word' id='word_1_131' title='bbox 1078 2218 1128 2258; x_wconf 90' lang='lat' dir='ltr'>ar·</span> 
     </span>
     <span class='ocr_line' id='line_1_20' title="bbox 151 2299 992 2387; baseline -0.006 -21"><span class='ocrx_word' id='word_1_132' title='bbox 151 2302 322 2382; x_wconf 84' lang='lat' dir='ltr'>bitrantur,</span> <span class='ocrx_word' id='word_1_133' title='bbox 346 2302 424 2386; x_wconf 92' lang='lat' dir='ltr'>quin</span> <span class='ocrx_word' id='word_1_134' title='bbox 446 2304 517 2387; x_wconf 88' lang='lat' dir='ltr'>ipse</span> <span class='ocrx_word' id='word_1_135' title='bbox 539 2299 602 2365; x_wconf 91' lang='lat' dir='ltr'>sibi</span> <span class='ocrx_word' id='word_1_136' title='bbox 625 2309 763 2366; x_wconf 88' lang='lat' dir='ltr'>mortem</span> <span class='ocrx_word' id='word_1_137' title='bbox 787 2301 992 2364; x_wconf 82' lang='lat' dir='ltr'>consciverit.</span> 
     </span>
     <span class='ocr_line' id='line_1_21' title="bbox 237 2389 1129 2481; baseline -0.006 -12"><span class='ocrx_word' id='word_1_138' title='bbox 237 2406 268 2469; x_wconf 80' lang='lat'>5.</span> <span class='ocrx_word' id='word_1_139' title='bbox 293 2389 371 2470; x_wconf 86' lang='lat' dir='ltr'>Post</span> <span class='ocrx_word' id='word_1_140' title='bbox 394 2407 463 2470; x_wconf 88' lang='lat' dir='ltr'>eius</span> <span class='ocrx_word' id='word_1_141' title='bbox 486 2413 624 2470; x_wconf 87' lang='lat' dir='ltr'>mortem</span> <span class='ocrx_word' id='word_1_142' title='bbox 652 2402 752 2469; x_wconf 92' lang='lat' dir='ltr'>nihilo</span> <span class='ocrx_word' id='word_1_143' title='bbox 782 2406 889 2468; x_wconf 90' lang='lat' dir='ltr'>minus</span> <span class='ocrx_word' id='word_1_144' title='bbox 911 2401 1056 2466; x_wconf 87' lang='lat' dir='ltr'>Helvetii</span> <span class='ocrx_word' id='word_1_145' title='bbox 1084 2400 1129 2481; x_wconf 87' lang='lat' dir='ltr'>id,</span> 
     </span>
     <span class='ocr_line' id='line_1_22' title="bbox 152 2503 1129 2596; baseline -0.008 -21"><span class='ocrx_word' id='word_1_146' title='bbox 152 2510 240 2596; x_wconf 93' lang='lat' dir='ltr'>quod</span> <span class='ocrx_word' id='word_1_147' title='bbox 273 2510 526 2591; x_wconf 83' lang='lat' dir='ltr'>constituerant,</span> <span class='ocrx_word' id='word_1_148' title='bbox 560 2508 671 2573; x_wconf 86' lang='lat' dir='ltr'>facere</span> <span class='ocrx_word' id='word_1_149' title='bbox 705 2516 880 2588; x_wconf 87' lang='lat' dir='ltr'>conantur,</span> <span class='ocrx_word' id='word_1_150' title='bbox 914 2515 950 2570; x_wconf 93' lang='lat' dir='ltr'>ut</span> <span class='ocrx_word' id='word_1_151' title='bbox 972 2529 989 2569; x_wconf 93' lang='lat' dir='ltr'>e</span> <span class='ocrx_word' id='word_1_152' title='bbox 1011 2503 1129 2569; x_wconf 90' lang='lat' dir='ltr'>finibus</span> 
     </span>
     <span class='ocr_line' id='line_1_23' title="bbox 131 2611 1131 2694; baseline -0.005 -20"><span class='ocrx_word' id='word_1_153' title='bbox 131 2617 220 2679; x_wconf 76' lang='lat' dir='ltr'>esuis</span> <span class='ocrx_word' id='word_1_154' title='bbox 244 2622 373 2679; x_wconf 84' lang='lat' dir='ltr'>exeant.</span> <span class='ocrx_word' id='word_1_155' title='bbox 403 2612 467 2679; x_wconf 92' lang='lat' dir='ltr'>Ubi</span> <span class='ocrx_word' id='word_1_156' title='bbox 491 2614 556 2677; x_wconf 86' lang='lat' dir='ltr'>iam</span> <span class='ocrx_word' id='word_1_157' title='bbox 581 2635 616 2676; x_wconf 94' lang='lat' dir='ltr'>se</span> <span class='ocrx_word' id='word_1_158' title='bbox 645 2611 689 2676; x_wconf 90' lang='lat' dir='ltr'>ad</span> <span class='ocrx_word' id='word_1_159' title='bbox 713 2633 785 2676; x_wconf 89' lang='lat' dir='ltr'>eam</span> <span class='ocrx_word' id='word_1_160' title='bbox 809 2633 877 2675; x_wconf 91' lang='lat' dir='ltr'>rem</span> <span class='ocrx_word' id='word_1_161' title='bbox 900 2617 1033 2694; x_wconf 89' lang='lat' dir='ltr'>paratos</span> <span class='ocrx_word' id='word_1_162' title='bbox 1058 2631 1131 2672; x_wconf 90' lang='lat' dir='ltr'>esse</span> 
     </span>
     <span class='ocr_line' id='line_1_24' title="bbox 153 2712 1130 2801; baseline -0.006 -19"><span class='ocrx_word' id='word_1_163' title='bbox 153 2717 302 2784; x_wconf 89' lang='lat' dir='ltr'>arbitrati</span> <span class='ocrx_word' id='word_1_164' title='bbox 326 2726 416 2792; x_wconf 82' lang='lat' dir='ltr'>sunt,</span> <span class='ocrx_word' id='word_1_165' title='bbox 447 2715 569 2801; x_wconf 88' lang='lat' dir='ltr'>oppida</span> <span class='ocrx_word' id='word_1_166' title='bbox 593 2737 653 2780; x_wconf 89' lang='lat' dir='ltr'>sua</span> <span class='ocrx_word' id='word_1_167' title='bbox 677 2715 795 2797; x_wconf 91' lang='lat' dir='ltr'>omnia,</span> <span class='ocrx_word' id='word_1_168' title='bbox 827 2736 961 2778; x_wconf 91' lang='lat' dir='ltr'>numero</span> <span class='ocrx_word' id='word_1_169' title='bbox 985 2712 1028 2777; x_wconf 88' lang='lat' dir='ltr'>ad</span> <span class='ocrx_word' id='word_1_170' title='bbox 1052 2712 1130 2776; x_wconf 88' lang='lat' dir='ltr'>duo·</span> 
     </span>
     <span class='ocr_line' id='line_1_25' title="bbox 154 2815 1131 2905; baseline -0.008 -19"><span class='ocrx_word' id='word_1_171' title='bbox 154 2822 270 2905; x_wconf 81' lang='lat' dir='ltr'>decim,</span> <span class='ocrx_word' id='word_1_172' title='bbox 293 2821 385 2884; x_wconf 91' lang='lat' dir='ltr'>vicos</span> <span class='ocrx_word' id='word_1_173' title='bbox 408 2819 452 2884; x_wconf 88' lang='lat' dir='ltr'>ad</span> <span class='ocrx_word' id='word_1_174' title='bbox 468 2818 735 2903; x_wconf 85' lang='lat' dir='ltr'>quadringentos,</span> <span class='ocrx_word' id='word_1_175' title='bbox 758 2817 884 2902; x_wconf 88' lang='lat' dir='ltr'>reliqua</span> <span class='ocrx_word' id='word_1_176' title='bbox 900 2819 1028 2901; x_wconf 87' lang='lat' dir='ltr'>privata</span> <span class='ocrx_word' id='word_1_177' title='bbox 1044 2815 1131 2879; x_wconf 87' lang='lat' dir='ltr'>aedi·</span> 
     </span>
     <span class='ocr_line' id='line_1_26' title="bbox 132 2915 1134 3006; baseline -0.004 -21"><span class='ocrx_word' id='word_1_178' title='bbox 132 2926 229 2989; x_wconf 83' lang='lat' dir='ltr'>sficia</span> <span class='ocrx_word' id='word_1_179' title='bbox 251 2924 438 2999; x_wconf 89' lang='lat' dir='ltr'>incendunt,</span> <span class='ocrx_word' id='word_1_180' title='bbox 455 2923 652 2987; x_wconf 87' lang='lat' dir='ltr'>frumentum</span> <span class='ocrx_word' id='word_1_181' title='bbox 669 2943 773 3005; x_wconf 85' lang='lat' dir='ltr'>omne,</span> <span class='ocrx_word' id='word_1_182' title='bbox 798 2930 1028 3006; x_wconf 86' lang='lat' dir='ltr'>praeterquam</span> <span class='ocrx_word' id='word_1_183' title='bbox 1044 2915 1134 3003; x_wconf 89' lang='lat' dir='ltr'>quod</span> 
     </span>
     <span class='ocr_line' id='line_1_27' title="bbox 155 3021 1132 3112; baseline -0.008 -18"><span class='ocrx_word' id='word_1_184' title='bbox 155 3051 266 3095; x_wconf 89' lang='lat' dir='ltr'>secum</span> <span class='ocrx_word' id='word_1_185' title='bbox 288 3028 449 3112; x_wconf 89' lang='lat' dir='ltr'>portaturi</span> <span class='ocrx_word' id='word_1_186' title='bbox 473 3035 582 3108; x_wconf 89' lang='lat' dir='ltr'>erant,</span> <span class='ocrx_word' id='word_1_187' title='bbox 606 3024 811 3103; x_wconf 87' lang='lat' dir='ltr'>comburunt,</span> <span class='ocrx_word' id='word_1_188' title='bbox 835 3035 870 3088; x_wconf 90' lang='lat' dir='ltr'>ut</span> <span class='ocrx_word' id='word_1_189' title='bbox 893 3023 1026 3088; x_wconf 91' lang='lat' dir='ltr'>domum</span> <span class='ocrx_word' id='word_1_190' title='bbox 1049 3021 1132 3087; x_wconf 89' lang='lat' dir='ltr'>redi·</span> 
     </span>
     <span class='ocr_line' id='line_1_28' title="bbox 155 3124 1133 3216; baseline -0.007 -19"><span class='ocrx_word' id='word_1_191' title='bbox 155 3134 252 3198; x_wconf 89' lang='lat' dir='ltr'>tionis</span> <span class='ocrx_word' id='word_1_192' title='bbox 286 3152 344 3216; x_wconf 91' lang='lat' dir='ltr'>spe</span> <span class='ocrx_word' id='word_1_193' title='bbox 378 3129 508 3195; x_wconf 88' lang='lat' dir='ltr'>sublata</span> <span class='ocrx_word' id='word_1_194' title='bbox 545 3129 727 3214; x_wconf 87' lang='lat' dir='ltr'>paratiores</span> <span class='ocrx_word' id='word_1_195' title='bbox 762 3128 806 3191; x_wconf 90' lang='lat' dir='ltr'>ad</span> <span class='ocrx_word' id='word_1_196' title='bbox 840 3129 950 3191; x_wconf 92' lang='lat' dir='ltr'>omnia</span> <span class='ocrx_word' id='word_1_197' title='bbox 987 3124 1133 3210; x_wconf 88' lang='lat' dir='ltr'>pericula</span> 
     </span>
     <span class='ocr_line' id='line_1_29' title="bbox 156 3226 1133 3311; baseline -0.01 -10"><span class='ocrx_word' id='word_1_198' title='bbox 156 3234 326 3301; x_wconf 89' lang='lat' dir='ltr'>subeunda</span> <span class='ocrx_word' id='word_1_199' title='bbox 349 3242 467 3311; x_wconf 87' lang='lat' dir='ltr'>essent,</span> <span class='ocrx_word' id='word_1_200' title='bbox 491 3231 588 3296; x_wconf 91' lang='lat' dir='ltr'>trium</span> <span class='ocrx_word' id='word_1_201' title='bbox 602 3231 763 3294; x_wconf 90' lang='lat' dir='ltr'>mensium</span> <span class='ocrx_word' id='word_1_202' title='bbox 786 3228 899 3294; x_wconf 93' lang='lat' dir='ltr'>molita</span> <span class='ocrx_word' id='word_1_203' title='bbox 922 3228 1047 3292; x_wconf 90' lang='lat' dir='ltr'>cibaria</span> <span class='ocrx_word' id='word_1_204' title='bbox 1071 3226 1133 3291; x_wconf 92' lang='lat' dir='ltr'>sibi</span> 
     </span>
     <span class='ocr_line' id='line_1_30' title="bbox 133 3332 1134 3425; baseline -0.004 -27"><span class='ocrx_word' id='word_1_205' title='bbox 133 3358 316 3425; x_wconf 75' lang='lat' dir='ltr'>squemque</span> <span class='ocrx_word' id='word_1_206' title='bbox 339 3335 435 3401; x_wconf 89' lang='lat' dir='ltr'>domo</span> <span class='ocrx_word' id='word_1_207' title='bbox 459 3335 572 3400; x_wconf 89' lang='lat' dir='ltr'>efferre</span> <span class='ocrx_word' id='word_1_208' title='bbox 594 3332 716 3397; x_wconf 89' lang='lat' dir='ltr'>iubent.</span> <span class='ocrx_word' id='word_1_209' title='bbox 749 3332 952 3397; x_wconf 87' lang='lat' dir='ltr'>Persuadent</span> <span class='ocrx_word' id='word_1_210' title='bbox 974 3332 1134 3396; x_wconf 87' lang='lat' dir='ltr'>Rauracis</span> 
     </span>
     <span class='ocr_line' id='line_1_31' title="bbox 157 3435 1135 3525; baseline -0.011 -17"><span class='ocrx_word' id='word_1_211' title='bbox 157 3453 190 3508; x_wconf 90' lang='lat' dir='ltr'>et</span> <span class='ocrx_word' id='word_1_212' title='bbox 215 3441 364 3525; x_wconf 84' lang='lat' dir='ltr'>Tulingis</span> <span class='ocrx_word' id='word_1_213' title='bbox 398 3448 431 3504; x_wconf 87' lang='lat' dir='ltr'>et</span> <span class='ocrx_word' id='word_1_214' title='bbox 461 3438 630 3503; x_wconf 88' lang='lat' dir='ltr'>Latovicis</span> <span class='ocrx_word' id='word_1_215' title='bbox 660 3436 822 3516; x_wconf 84' lang='lat' dir='ltr'>finitimis,</span> <span class='ocrx_word' id='word_1_216' title='bbox 857 3438 903 3499; x_wconf 91' lang='lat' dir='ltr'>uti</span> <span class='ocrx_word' id='word_1_217' title='bbox 936 3435 1051 3500; x_wconf 90' lang='lat' dir='ltr'>eodem</span> <span class='ocrx_word' id='word_1_218' title='bbox 1084 3435 1135 3498; x_wconf 85' lang='lat' dir='ltr'>usi</span> 
     </span>
     <span class='ocr_line' id='line_1_32' title="bbox 157 3539 1136 3629; baseline -0.009 -19"><span class='ocrx_word' id='word_1_219' title='bbox 157 3545 294 3610; x_wconf 75' lang='lat' dir='ltr'>consilio</span> <span class='ocrx_word' id='word_1_220' title='bbox 325 3543 455 3629; x_wconf 91' lang='lat' dir='ltr'>oppidis</span> <span class='ocrx_word' id='word_1_221' title='bbox 485 3543 552 3607; x_wconf 89' lang='lat' dir='ltr'>suis</span> <span class='ocrx_word' id='word_1_222' title='bbox 575 3541 721 3625; x_wconf 86' lang='lat' dir='ltr'>vicisque</span> <span class='ocrx_word' id='word_1_223' title='bbox 745 3541 869 3605; x_wconf 89' lang='lat' dir='ltr'>exustis</span> <span class='ocrx_word' id='word_1_224' title='bbox 897 3560 962 3603; x_wconf 86' lang='lat' dir='ltr'>una</span> <span class='ocrx_word' id='word_1_225' title='bbox 994 3561 1068 3602; x_wconf 89' lang='lat' dir='ltr'>cum</span> <span class='ocrx_word' id='word_1_226' title='bbox 1096 3539 1136 3601; x_wconf 89' lang='lat' dir='ltr'>iis</span> 
     </span>
    </p>
   </div>
   <div class='ocr_carea' id='block_1_3' title="bbox 0 0 1226 4028">
    <p class='ocr_par' dir='ltr' id='par_1_3' title="bbox 0 0 1226 4028">
     <span class='ocr_line' id='line_1_33' title="bbox 0 0 1226 4028; baseline 0 0"><span class='ocrx_word' id='word_1_227' title='bbox 0 0 1226 4028; x_wconf 95' lang='lat' dir='ltr'> </span> 
     </span>
    </p>
   </div>
  </div>
 </body>
</html>
