2430 4028
135 249 199 315 260
444 252 494 302 nn
512 251 633 301 sunno
654 249 813 302 asnmco

136 441 291 505 lationem
326 441 487 505 Antonius
522 462 599 505 cum
630 439 792 504 iudicaret
827 439 868 504 ab
903 442 989 505 iusto
1024 443 1121 505 nasci

137 546 263 625 timore,
286 544 417 608 veniam
439 547 564 628 petenti
587 544 688 627 dedit,
713 541 846 608 obsides
870 545 1007 629 accepit

102 775 126 812 ιο
224 750 299 815 Scio
331 749 508 815 Caesarem
541 750 742 833 singulorum
777 772 937 816 annorum
971 749 1121 833 singulos

138 858 391 920 commentarios
415 856 612 938 confecisse3
648 855 736 941 quod
759 878 820 940 ego
843 878 910 920 non
932 856 1122 920 existimavi

138 957 217 1022 mihi
251 981 324 1023 esse
357 959 565 1040 faciendum,
605 969 782 1044 propterea
819 959 908 1044 quod
943 961 1122 1044 insequens

139 1083 262 1141 annus,
299 1062 338 1124 L.
362 1062 484 1142 Paulo,
519 1060 555 1127 C.
580 1061 738 1126 Marcello
767 1060 977 1143 consulibus,
1009 1061 1121 1126 nullas

104 1164 239 1229 uhabet
261 1187 461 1250 magnopere
477 1164 607 1230 Galliae
629 1188 682 1230 res
706 1175 827 1249 gestas.
851 1165 901 1229 Ne
917 1167 988 1249 quis
1012 1173 1123 1228 tamen

138 1270 323 1351 ignoraret,
359 1268 477 1354 quibus
507 1271 540 1332 in
571 1270 653 1334 locis
677 1266 801 1333 Caesar
829 1269 1059 1351 exercitusque
1082 1290 1122 1332 eo

137 1381 283 1455 tempore
306 1371 459 1452 fuissent,
490 1394 597 1456 pauca
625 1395 698 1436 esse
722 1371 898 1436 scribenda
921 1372 1122 1454 coniungen-

139 1475 246 1560 daque
269 1474 345 1539 huic
368 1477 601 1541 commentario
627 1477 737 1540 statui.

226 1679 278 1745 49.
303 1680 427 1746 Caesar
449 1681 483 1744 in
498 1681 613 1764 Belgio
638 1703 712 1745 cum
735 1681 905 1764 hiemaret,
921 1705 1022 1747 unum
1041 1680 1125 1747 illud

141 1787 345 1871 propositum
367 1782 522 1864 habebat,
547 1785 714 1848 continere
739 1787 770 1848 in
795 1786 941 1850 amicitia
959 1786 1123 1868 civitates,

118 1888 220 1953 enulli
245 1911 337 1973 spem
360 1898 416 1951 aut
439 1910 574 1951 causam
597 1887 675 1951 dare
696 1909 872 1952 armorum.
917 1886 1005 1953 Nihil
1036 1890 1126 1955 enim

141 1993 248 2055 minus
272 1991 415 2065 volebat,
439 2013 537 2074 quam
562 1988 622 2053 sub
647 1989 785 2055 decessu
808 2013 867 2054 suo
890 1993 1125 2058 necessitatem

144 2093 205 2159 sibi
230 2094 373 2179 aliquam
390 2095 513 2177 imponi
529 2091 606 2157 belli
623 2092 765 2175 gerendi,
782 2116 833 2176 ne,
851 2115 927 2157 cum
942 2096 1126 2160 exercitum

143 2199 343 2263 deducturus
367 2206 463 2271 esset,
480 2195 601 2261 bellum
619 2197 753 2280 aliquod
767 2197 1013 2282 relinqueretur,
1033 2199 1125 2283 quod

144 2303 248 2366 omnis
273 2299 382 2364 Gallia
404 2298 543 2364 libenter
574 2303 643 2365 sine
665 2301 832 2385 praesenti
854 2299 1000 2385 periculo
1024 2303 1128 2366 susci·

120 2414 243 2489 speret.
275 2405 390 2488 [taque
413 2403 592 2468 honorifice
615 2405 766 2468 civitates
789 2402 1005 2488 appellando,
1036 2406 1127 2490 prin·

143 2511 234 2593 cipes
257 2509 411 2571 maximis
435 2509 588 2590 praemiis
617 2506 810 2589 afficiendo,
840 2506 930 2572 nulla
953 2529 1056 2572 onera
1078 2509 1127 2573 in·

144 2609 309 2694 iungendo
345 2609 509 2675 defessam
546 2621 595 2673 tot
629 2610 775 2674 adversis
810 2609 944 2695 proeliis
979 2608 1129 2677 Galliam

144 2712 339 2778 condicione
362 2712 497 2796 parendi
521 2713 655 2777 meliore
678 2713 775 2777 facile
798 2715 831 2777 in
847 2734 931 2798 pace
953 2715 1129 2779 continuit.

230 2816 283 2881 50.
307 2815 384 2900 Ipse
406 2815 550 2880 hibernis
566 2818 707 2900 peractis
724 2824 839 2880 contra
855 2816 1129 2882 consuetudinem

144 2923 178 2985 in
201 2919 331 2982 ltaliam
354 2940 452 3003 quam
475 2920 627 2982 maximis
662 2918 831 2982 itineribus
866 2927 914 2983 est
946 2918 1129 3004 profectus,

144 3034 180 3086 ut
203 3024 379 3106 municipia
402 3030 434 3085 et
457 3021 604 3085 colonias
628 3021 825 3104 appellaret,
848 3019 968 3106 quibus
989 3022 1036 3086 Μ.
1060 3022 1130 3087 An·

145 3128 246 3207 tonii,
286 3128 470 3209 quaestoris
509 3126 579 3205 sui,
623 3123 913 3189 commendaverat
951 3124 1131 3192 sacerdotii

126 3230 345 3313 apetitionem.
392 3227 621 3293 Contendebat
647 3230 733 3291 enim
757 3230 863 3310 gratia
886 3249 963 3293 cum
987 3227 1131 3294 libenter

145 3354 205 3417 pro
234 3331 364 3395 homine
399 3330 460 3394 sibi
488 3332 765 3413 coniunctissimo,
796 3352 891 3415 quem
919 3329 1018 3415 paulo
1050 3341 1131 3396 ante

146 3437 360 3521 praemiserat
383 3433 426 3497 ad
449 3435 654 3519 petitionem,
689 3445 757 3496 tum
780 3435 900 3498 acriter
922 3443 1040 3499 contra
1061 3434 1133 3500 fac·

148 3542 270 3604 tionem
304 3549 336 3603 et
369 3541 550 3623 potentiam
585 3540 785 3622 paucorum,
828 3539 883 3622 qui
916 3536 962 3603 M.
993 3538 1131 3603 Antonii
