2430 4028
125 271 165 335 38
427 272 478 322 DE
497 270 617 321 BELLO
637 265 795 321 Gannico

102 461 214 527 ³Solis
238 483 360 527 occasu
384 484 460 527 suas
484 465 599 547 copias
615 464 799 528 Ariovistus
815 462 924 527 multis
949 471 981 526 et
1003 459 1107 525 illatis

102 575 158 631 tet
181 568 327 650 acceptis
356 564 545 630 vulneribus
574 567 607 629 in
636 574 746 632 castra
774 564 916 630 reduxit.
956 563 1039 629 Cum
1062 587 1109 629 ex

125 671 266 756 captivis
298 681 469 753 quaereret
503 667 642 746 Caesar,
677 671 891 755 quamobrem
919 667 1110 734 Ariovistus

125 771 249 857 proelio
285 794 351 836 non
386 772 584 856 decertaret,
618 771 704 838 hanc
737 773 925 859 reperiebat
959 793 1108 855 causam,

125 877 214 963 quod
231 877 320 962 apud
328 875 513 942 Germanos
530 901 571 942 ea
586 878 789 944 consuetudo
807 889 904 960 esset,
921 887 957 942 ut
972 885 1111 941 matres·

125 980 268 1046 familiae
299 1003 411 1046 eorum
444 981 585 1048 sortibus
616 991 648 1046 et
676 981 967 1047 vaticinationibus
997 979 1109 1044 decla-

126 1094 246 1168 rarent,
262 1096 370 1150 utrum
384 1085 542 1170 proelium
560 1088 718 1151 committi
735 1109 777 1150 ex
792 1109 854 1150 usu
873 1095 968 1168 esset,
985 1105 1110 1166 necne3

104 1202 183 1254 teas
205 1191 253 1255 ita
277 1190 399 1255 dicere:
425 1212 491 1254 non
514 1212 586 1254 esse
608 1191 659 1254 fas
680 1190 864 1254 Germanos
888 1209 1052 1274 superare,
1079 1188 1108 1252 si

128 1304 204 1357 ante
226 1315 349 1358 novam
371 1292 482 1357 lunam
497 1291 622 1377 proelio
646 1293 899 1358 contendissent.

212 1395 263 1458 51.
287 1396 449 1463 Postridie
472 1398 542 1461 eius
566 1396 630 1461 diei
646 1396 771 1462 Caesar
793 1396 994 1481 praesidium
1010 1399 1109 1461 utris-

128 1526 190 1589 que
220 1504 355 1582 eastris,
390 1501 478 1588 quod
512 1504 592 1567 satis
627 1524 700 1566 esse
733 1505 837 1566 visum
872 1510 931 1584 est,
965 1499 1108 1586 reliquit,

129 1628 240 1670 omnes
264 1605 384 1672 alarios
408 1608 441 1670 in
464 1615 642 1691 conspectu
658 1604 801 1671 hostium
824 1627 884 1689 pro
909 1607 1027 1670 castris
1050 1607 1111 1669 mi·

128 1709 263 1775 noribus
287 1712 465 1790 constituit,
496 1707 584 1794 quod
607 1712 713 1774 minus
736 1707 944 1773 multitudine
966 1706 1110 1773 militum

128 1814 381 1897 legionariorum
411 1834 470 1898 pro
493 1811 636 1877 hostium
660 1834 794 1876 numero
822 1810 970 1886 valebat,
1005 1819 1041 1874 ut
1065 1812 1111 1877 ad

129 1920 271 2003 speciem
295 1916 407 1982 alariis
430 1925 591 1998 uteretur,
615 1918 686 2000 ipse
709 1917 829 2002 triplici
852 1919 1013 1982 instructa
1036 1918 1110 1980 acie

108 2043 232 2105 rusque
256 2020 299 2084 ad
322 2028 433 2083 castra
455 2019 597 2084 hostium
621 2022 770 2084 accessit.
802 2020 886 2083 Tum
902 2018 1032 2083 demum
1055 2040 1111 2083 ne·

129 2128 273 2190 cessario
309 2122 467 2188 Germani
504 2145 580 2189 suas
615 2127 730 2209 copias
768 2126 885 2189 castris
923 2123 1112 2188 eduxerunt

129 2231 375 2313 generatimque
399 2229 639 2293 constituerunt
661 2229 796 2313 paribus
818 2227 1010 2309 intervallis,
1040 2227 1110 2290 Ha-

128 2333 236 2416 rudes,
260 2331 502 2410 Marcomanos,
526 2330 695 2414 Triboces,
719 2332 919 2416 Vangiones,
943 2332 1108 2403 Nemetes,

129 2435 295 2514 Sedusios,
321 2433 464 2517 Suebos,
489 2457 683 2522 omnemque
707 2439 812 2501 aciem
835 2458 929 2502 suam
958 2435 1046 2500 redis
1075 2445 1110 2500 et

129 2543 231 2605 carris
255 2539 554 2619 circumdederunt,
583 2561 624 2603 ne
653 2560 718 2624 qua
742 2562 817 2624 spes
845 2542 878 2604 in
907 2540 985 2622 fuga
1013 2539 1111 2604 relin-

106 2653 289 2729 aqueretur.
314 2643 363 2707 Eo
380 2642 531 2708 mulieres
550 2645 784 2728 imposuerunt,
801 2645 933 2729 quaein
949 2643 1112 2729 proelium

128 2748 374 2834 proficiscentes
405 2750 513 2833 passis
549 2746 699 2813 manibus
728 2748 843 2812 flentes
876 2747 1112 2834 implorabant,

132 2875 172 2916 ne
196 2875 231 2917 se
254 2854 287 2916 in
312 2854 502 2916 servitutem
525 2851 684 2916 Romanis
707 2850 884 2916 traderent.

216 2954 267 3019 52.
292 2953 417 3020 Caesar
440 2954 576 3038 singulis
600 2954 783 3038 legionibus
808 2954 954 3038 singulos
978 2955 1110 3038 legatos

130 3069 162 3124 et
178 3068 385 3146 quaestorem
408 3059 578 3142 praefecit,
602 3061 650 3123 uti
673 3080 729 3122 eos
754 3066 851 3124 testes
877 3081 956 3123 suae
972 3061 1112 3146 quisque

108 3164 257 3229 avirtutis
279 3161 432 3244 haberet3
467 3164 538 3246 ipse
573 3184 593 3224 a
627 3161 743 3225 dextro
772 3183 890 3240 cornu,
925 3163 1011 3247 quod
1036 3186 1111 3227 eam

129 3277 256 3352 partem
277 3269 408 3332 minime
424 3266 552 3331 firmam
567 3264 709 3330 hostium
726 3288 797 3329 esse
821 3265 1111 3344 animadverterat,

108 3396 120 3435 a
129 3370 290 3457 proelium
304 3371 478 3436 commisit.
501 3371 556 3435 Ita
570 3372 674 3434 nostri
690 3373 809 3435 aeriter
829 3373 862 3434 in
877 3370 990 3435 hostes
1013 3373 1110 3454 signo

131 3474 208 3539 dato
231 3476 387 3561 impetum
410 3476 567 3556 fecerunt,
601 3476 713 3561 itaque
735 3474 848 3539 hostes
870 3484 1004 3559 repente
1027 3475 1113 3540 cele·

129 3581 271 3664 riterque
305 3588 551 3665 procurrerunt,
589 3589 623 3644 ut
656 3582 800 3664 spatium
833 3578 903 3664 pila
935 3580 968 3643 in
997 3577 1112 3644 hostes
