2430 4028
185 255 248 317 206
488 255 539 304 nu
560 255 678 304 senno
699 253 858 304 erunrco

150 471 175 509 ιο
183 447 388 532 provinciam
401 444 566 528 expellere
582 454 727 530 possent.
747 444 853 525 Quam
866 445 911 510 ad
922 466 1016 529 spem
1029 445 1165 512 multitu

184 572 240 614 eos
264 548 457 629 adiuvabat,
493 548 581 634 quod
604 550 705 632 Liger
727 572 770 613 ex
793 548 923 613 nivibus
946 562 1111 627 creverat,
1131 562 1165 615 ut

187 654 318 717 omnino
341 651 429 716 vado
452 675 518 718 non
542 675 640 736 posse
663 655 795 717 transiri
818 651 994 719 videretur.

269 755 321 819 56.
347 754 474 835 Quibus
497 755 594 820 rebus
625 758 766 837 cognitis
790 753 914 820 Caesar
936 757 1167 822 maturandum

185 859 245 923 sibi
270 861 406 940 censuit,
432 860 459 922 si
483 869 570 923 esset
592 861 625 923 in
641 857 850 945 perficiendis
866 859 1023 945 pontibus
1039 861 1165 945 perieli·

184 963 331 1045 tandum,
354 974 390 1028 ut
413 965 520 1049 prius,
545 986 644 1049 quam
668 973 778 1027 essent
801 965 943 1028 maiores
966 985 1007 1027 eo
1030 976 1167 1029 coaetae

162 1069 310 1151 scopiae‚
335 1067 518 1131 dimicaret.
553 1068 637 1131 Nam
661 1078 697 1132 ut
719 1076 920 1131 commutato
943 1067 1087 1132 oonsilio
1109 1068 1168 1133 iter

183 1172 217 1234 in
240 1171 442 1256 provinciam
472 1180 687 1252 converteret,
719 1181 755 1234 ut
783 1193 824 1235 ne
846 1181 936 1236 metu
958 1170 1095 1256 quidem
1116 1195 1167 1236 ne

184 1276 327 1338 cessario
352 1274 541 1338 faciundum
564 1274 787 1357 existimabat,
812 1296 887 1338 oum
909 1274 1048 1339 infamia
1071 1285 1167 1359 atque

182 1376 361 1461 indignitas
378 1379 423 1441 rei
447 1389 481 1441 et
496 1380 667 1463 oppositus
683 1399 778 1441 mons
798 1377 954 1443 Cevenna
973 1381 1167 1464 viarumque

184 1480 360 1546 difficultas
383 1481 592 1567 impediebat
627 1491 696 1545 tum
719 1483 874 1563 maxime,
897 1481 988 1566 quod
1010 1481 1166 1547 abiuneto

184 1584 332 1648 Labieno
367 1594 465 1668 atque
498 1585 538 1647 iis
572 1584 772 1668 legionibus,
807 1607 891 1669 quas
921 1606 988 1649 una
1021 1589 1166 1659 miserat,

161 1687 388 1751 avehementer
412 1687 559 1751 timebat.
581 1687 697 1772 Itaque
720 1688 899 1752 admodum
927 1690 1059 1773 magnis
1083 1689 1166 1754 diur-

182 1794 233 1855 nis
252 1794 485 1876 nocturnisque
508 1790 679 1855 itineribus
704 1792 864 1856 eonleetis
880 1802 998 1855 eontra
1022 1797 1166 1859 omnium

161 1895 370 1980 ropinionem
406 1896 448 1958 ad
472 1896 623 1978 Ligerem
646 1898 737 1960 venit
764 1895 917 1979 vadoque
945 1917 1006 1980 per
1038 1899 1166 1981 equites

183 1999 313 2062 invento
349 2020 407 2082 pro
435 2001 480 2061 rei
511 1998 708 2062 necessitate
733 2008 934 2084 opportuno,
969 2009 1008 2063 ut
1028 1999 1165 2066 brachia

181 2102 279 2165 modo
308 2111 405 2186 atque
440 2103 542 2165 umeri
576 2101 620 2165 ad
649 2101 840 2165 sustinenda
869 2123 962 2166 arma
996 2101 1095 2168 liberi
1123 2104 1164 2167 ab

180 2227 267 2290 aqua
290 2228 362 2268 esse
385 2214 522 2290 possent
556 2204 715 2291 disposito
746 2207 904 2289 equitatu,
934 2207 990 2288 qui
1013 2208 1083 2272 vim
1104 2207 1162 2272 flu·

181 2310 278 2371 minis
310 2309 524 2392 refringeret,
563 2318 663 2393 atque
696 2307 848 2373 hostibus
885 2308 991 2392 primo
1027 2320 1166 2396 aspectu

159 2410 381 2494 sperturbatis
409 2411 606 2476 ineolumem
636 2413 817 2476 exereitum
850 2411 1001 2476 traduxit
1020 2412 1165 2479 frumen·

181 2526 313 2599 tumque
341 2515 374 2579 in
404 2517 492 2598 agris
521 2528 553 2577 et
583 2516 712 2598 peeoris
736 2517 865 2599 copiam
890 2523 1009 2578 nactus
1039 2517 1164 2602 repleto

181 2617 231 2680 his
254 2617 352 2681 rebus
376 2619 523 2680 exercitu
551 2620 612 2681 iter
640 2619 671 2680 in
704 2617 851 2682 Senones
879 2617 991 2683 faeere
1014 2621 1164 2687 instituit

267 2721 319 2784 bl.
342 2721 430 2784 Dum
453 2720 536 2784 haee
560 2720 648 2805 apud
666 2720 841 2785 Caesarem
858 2732 1028 2806 geruntur,
1044 2723 1162 2790 Labie

181 2848 242 2889 nus
265 2846 304 2888 eo
328 2822 567 2909 supplemento,
591 2823 679 2908 quod
709 2846 812 2910 nuper
835 2847 878 2888 ex
899 2823 1000 2890 Italia
1021 2837 1164 2909 venerat,

181 2928 294 2992 relicto
318 2926 491 3009 Agedinci,
528 2937 563 2991 ut
599 2938 686 2992 esset
715 2928 958 3013 impedimentis
987 2931 1164 3014 praesidio.

181 3053 254 3094 eum
278 3039 432 3114 quattuor
454 3028 638 3113 legionibus
661 3031 827 3096 Lutetiam
850 3030 1084 3115 proficiscitur.
1127 3033 1164 3098 Id

181 3144 230 3198 est
254 3132 410 3217 oppidum
426 3133 635 3216 Parisiorum,
655 3134 744 3219 quod
758 3136 904 3221 positum
925 3145 977 3199 est
998 3138 1035 3202 in
1056 3138 1162 3204 insula

158 3238 322 3304 efluminis
353 3235 537 3320 Sequanae.
577 3235 679 3302 Cuius
702 3237 845 3302 adventu
868 3238 911 3302 ab
934 3236 1090 3306 hostibus
1113 3263 1163 3307 eo·

180 3343 271 3424 guito
297 3361 436 3422 magnae
460 3361 502 3403 ex
524 3340 671 3404 finitimis
691 3340 882 3405 civitatibus
905 3343 1025 3426 eopiae
1047 3364 1163 3409 eouve

158 3453 308 3512 snerunt.
324 3442 460 3507 Summa
474 3445 603 3527 imperii
619 3445 758 3509 traditur
771 3442 996 3529 Camulogeno
1009 3445 1162 3525 Aulaeo,

179 3550 232 3633 qui
251 3569 353 3631 prope
377 3547 546 3612 confectus
564 3557 670 3612 aetate
687 3558 796 3613 tamen
813 3557 948 3634 propter
963 3551 1161 3636 singularem
