2430 4028
374 245 484 301 mnne
501 246 532 307 v,
553 245 629 297 cnr.
648 246 724 297 5-8.
983 250 1042 315 109

148 435 177 499 7.
202 434 278 515 Qua
300 459 335 500 re
359 439 492 520 cognita
507 435 640 514 Caesar,
658 437 746 524 quod
770 448 897 506 tantum
914 442 1042 507 civitati

58 541 198 607 Aeduae
221 541 391 624 dignitatis
414 539 590 621 tribuebat,
621 542 837 608 coercendum
868 552 966 628 atque
990 544 1043 610 de·

59 644 260 724 terrendum,
278 644 537 731 quibuscumque
552 644 651 710 rebus
666 657 787 731 posset,
806 648 1043 733 Dumnorigem

59 749 247 835 statuebat3
271 749 358 834 quod
381 748 509 834 longius
533 751 602 815 eius
626 753 802 815 amentiam
820 753 973 837 progredi
997 755 1065 816 vir

58 852 170 935 debat,
203 853 478 938 prospiciendum,
503 875 543 917 ne
567 852 645 938 quid
669 852 729 918 sibi
755 877 794 917 ae
817 856 864 919 rel
888 854 1042 940 publicae

57 981 178 1023 nocere
211 966 329 1044 posset.
368 957 485 1041 Itaque
507 957 576 1022 dies
600 960 731 1022 circiter
754 977 825 1021 xxv
848 962 881 1024 in
906 981 944 1024 eo
968 960 1065 1024 locor

58 1071 293 1139 commoratus,
317 1059 405 1145 quod
424 1058 529 1125 Corus
545 1070 664 1126 ventus
680 1064 925 1146 navigationem
942 1065 1044 1148 impe·

59 1164 182 1244 diebat,
207 1168 261 1249 qui
284 1186 436 1249 magnam
466 1174 591 1249 partem
616 1166 720 1229 omnis
750 1168 907 1249 temporis
937 1169 969 1230 in
992 1166 1043 1231 his

57 1269 141 1334 locis
170 1268 250 1333 flare
279 1270 458 1349 consuevit,
489 1268 591 1332 dabat
621 1291 771 1351 operam,
804 1279 840 1335 ut
868 1272 900 1334 in
934 1270 1042 1335 officio

58 1374 298 1458 Dumnorigem
321 1374 513 1456 contineret,
537 1373 637 1438 nihilo
669 1385 778 1438 tamen
803 1376 909 1439 secius
934 1376 1044 1438 omnia

58 1480 130 1543 eius
155 1476 294 1542 consilia
318 1488 550 1562 cognosceret3
582 1479 713 1542 tandem
745 1477 897 1543 idoneam
926 1487 1066 1542 nactust

58 1589 288 1666 tempestatem
304 1581 423 1647 milites
440 1585 630 1668 equitesque
647 1581 868 1647 conscendere
893 1583 925 1644 in
941 1603 1043 1646 naves

57 1685 161 1752 iubet.
196 1684 241 1749 At
264 1687 408 1751 omnium
430 1686 596 1770 impeditis
618 1686 736 1751 animis
758 1685 946 1749 Dumnorix
969 1706 1067 1749 cums

59 1788 227 1877 equitibus
265 1787 455 1854 Aeduorum
492 1811 512 1852 a
550 1793 666 1854 castris
704 1790 862 1853 insciente
902 1786 1045 1852 Caesare

61 1894 195 1959 domum
225 1891 394 1957 discedere
423 1895 541 1978 coepit.
578 1894 651 1974 Qua
681 1916 715 1957 re
745 1894 896 1957 nuntiata
919 1890 1067 1957 Caesare

56 1997 248 2064 intermissa
280 1996 483 2082 profectione
517 2007 616 2080 atque
650 1995 800 2060 omnibus
830 1994 926 2059 rebus
957 2004 1043 2079 post-

57 2101 177 2185 positis
201 2119 355 2182 maguam
371 2109 497 2184 partem
521 2101 685 2184 equitatus
709 2098 752 2162 ad
776 2122 849 2163 eum
871 2100 1043 2182 insequen-

60 2204 140 2268 dum
158 2204 258 2268 mittit
281 2202 467 2288 retrahique
490 2205 645 2287 imperat,
670 2205 697 2266 si
720 2204 788 2266 vim
811 2203 913 2266 faciat
936 2223 1067 2285 nequer

57 2317 186 2394 pareat,
221 2307 360 2372 interfici
383 2307 491 2390 iubet,
526 2308 606 2372 nihil
639 2308 725 2371 hunc
757 2330 790 2372 se
824 2307 960 2372 absente
985 2328 1044 2390 pro

58 2436 142 2479 sano
173 2414 337 2478 facturum
368 2410 555 2494 arbitratus,
591 2415 645 2497 qui
669 2414 851 2498 praesentis
874 2412 1045 2496 imperium

54 2516 268 2602 neglexisset.
288 2515 347 2580 llle
369 2518 436 2580 iam
452 2525 628 2580 revocatus
651 2517 803 2581 resistere
828 2538 866 2580 ac
892 2539 927 2579 se
944 2537 1068 2579 manus

58 2619 234 2686 defendere
258 2641 454 2704 suorumque
476 2619 574 2684 fidem
601 2619 776 2703 implorare
807 2620 916 2704 coepit
946 2640 1044 2702 saepe

58 2723 238 2789 clamitans
262 2722 401 2788 liberum
425 2745 460 2788 se
484 2722 671 2808 liberaeque
695 2746 767 2786 esse
791 2723 945 2788 civitatis.
980 2723 1067 2798 Illic

56 2839 95 2893 nt
131 2839 203 2892 erat
232 2827 446 2913 imperatum,
483 2830 726 2892 circumsistunt
754 2827 916 2891 hominem
948 2838 1046 2912 atque

56 2932 275 3013 interficiunt3
306 2941 341 2996 at
371 2934 495 3016 equites
518 2931 624 2997 Aedui
656 2932 698 2997 ad
728 2931 904 2997 Caesarem
934 2954 1045 2996 omnes

56 3044 280 3102 revertuntur.

144 3140 174 3203 8.
199 3138 263 3204 His
286 3139 384 3206 rebus
406 3145 509 3224 gestis
526 3139 676 3204 Labieno
701 3140 734 3202 in
758 3140 946 3204 continente
972 3161 1047 3204 cum

55 3242 374 3327 tribussslegionibus
398 3250 431 3307 et
454 3245 597 3327 equitum
614 3241 746 3308 milibus
766 3243 895 3308 duobus
918 3241 1044 3327 relicto,

45 3352 92 3413 'ut
115 3356 231 3433 portus
261 3355 407 3412 tueretur
430 3356 462 3411 et
483 3370 552 3411 rem
576 3349 823 3413 frumentariam
846 3347 1043 3431 provideret,

54 3471 206 3538 quaeque
221 3451 255 3514 in
272 3449 383 3517 Gallia
405 3461 604 3536 gererentur,
621 3460 838 3534 cognosceret
857 3450 1043 3516 consilium-

56 3577 121 3641 que
137 3575 198 3639 pro
214 3563 363 3638 tempore
378 3563 410 3617 et
426 3576 484 3639 pro
509 3577 544 3618 re
560 3565 703 3638 caperet,
722 3554 792 3638 ipse
811 3578 884 3619 curu
903 3556 1068 3639 quinquen
