2430 4028
125 248 186 312 178
430 249 480 298 DE
499 248 619 298 BELLO
639 246 796 300 antinoo

123 439 234 523 diripit
268 449 367 524 atque
402 437 570 522 incendit,
607 438 766 524 praedam
798 437 959 506 militibus
993 439 1104 526 donat,

124 543 305 608 exercitum
347 541 498 626 Ligerem
538 541 680 608 traducit
712 551 813 629 atque
848 543 882 608 in
922 543 1105 629 Biturigum

124 647 206 711 fines
229 644 387 731 pervenit.

212 748 261 813 12.
286 750 547 833 Vercingetorix,
570 749 626 814 ubi
650 749 691 815 de
707 748 860 816 Caesaris
884 749 1031 816 adventu
1055 772 1105 815 co·

124 856 248 940 gnovit,
273 855 518 939 oppugnatione
540 851 666 919 destitit
688 864 787 939 atque
811 853 945 919 obviam
967 850 1104 920 Caesari

102 958 351 1044 rprofioisoitur.
373 956 433 1022 Ille
457 956 616 1042 oppidum
633 958 816 1042 Biturigum
832 959 978 1043 positum
1002 961 1038 1024 in
1056 959 1107 1022 via

104 1061 355 1128 sNoviodunum
379 1083 571 1148 oppugnare
594 1063 791 1128 instituerat.
816 1061 891 1144 Quo
914 1084 960 1129 ex
982 1064 1106 1150 oppido

124 1188 198 1230 cum
221 1166 321 1249 legati
344 1165 386 1231 ad
411 1187 485 1230 eum
507 1168 677 1231 venissent
700 1174 839 1249 oratum,
870 1175 906 1231 ut
930 1164 995 1231 sibi
1019 1168 1107 1251 igno·

125 1278 230 1335 sceret
261 1291 404 1354 suaeque
434 1270 521 1334 vitae
549 1269 750 1344 consuleret,
785 1279 821 1335 ut
843 1268 1015 1335 celeritate
1037 1269 1106 1335 reli·

124 1396 206 1458 quas
235 1394 287 1436 res
307 1371 497 1454 conficeret,
528 1393 594 1456 qua
616 1371 772 1457 pleraque
802 1382 874 1437 erat
896 1381 1105 1454 consecutus,

124 1499 217 1542 arma
240 1475 395 1549 conferri,
431 1496 533 1559 equos
557 1473 710 1560 produci,
745 1473 877 1539 obsideo
906 1473 980 1541 dari
1008 1474 1106 1541 iubet

104 1581 220 1645 sParte
242 1581 307 1642 iam
333 1577 482 1642 obsidum
505 1576 637 1661 tradita,
662 1599 736 1643 cum
750 1579 878 1663 reliqua
900 1577 1106 1644 administra·

123 1693 247 1757 rentur,
264 1680 510 1747 centurionibus
534 1690 566 1746 et
581 1683 697 1766 paucis
715 1680 874 1748 militibus
897 1683 1104 1763 intromissis,

124 1788 178 1873 qui
207 1808 301 1851 arma
328 1787 538 1872 iumentaque
571 1788 817 1872 conquirerent,
851 1787 1021 1872 equitatus
1053 1786 1105 1850 bo·

126 1894 224 1957 stium
247 1890 363 1977 procul
386 1892 477 1955 visus
507 1901 567 1968 est,
598 1891 653 1975 qui
683 1912 802 1976 agmen
826 1889 1104 1976 Vercingetorigis

101 2003 356 2060 rantecesserat.
381 1992 489 2073 Quem
512 1993 708 2079 simulatque
739 1993 896 2080 oppidani
925 2014 1104 2080 conspexe

122 2108 199 2163 runt
221 2107 320 2183 atque
348 2098 383 2160 in
406 2118 498 2182 spem
520 2096 637 2162 auxilii
665 2106 833 2173 venerunt,
863 2096 1011 2162 clamore
1034 2094 1104 2162 sub·

122 2203 191 2268 lato
221 2224 312 2267 arma
342 2223 471 2286 capere,
505 2211 620 2287 portas
657 2201 823 2282 claudere,
855 2222 987 2267 murum
1021 2220 1103 2266 com·

101 2306 212 2392 oplere
241 2316 430 2391 coeperunt.
477 2305 694 2371 Centuriones
722 2307 757 2370 in
781 2305 921 2391 oppido.
955 2324 1033 2373 cum
1066 2324 1104 2368 ex

123 2409 364 2492 significatione
398 2408 570 2475 Gallorum
603 2411 680 2474 novi
715 2407 840 2495 aliquid
878 2407 922 2472 ab
960 2409 1001 2475 iis
1035 2406 1103 2473 iniri

123 2513 253 2578 consilii
274 2512 525 2592 intellexissent,
549 2512 667 2596 gladiis
684 2512 850 2578 destrictis
873 2521 989 2597 portas
1012 2532 1104 2578 cocu·

123 2625 283 2701 paverunt
307 2639 449 2703 suosque
474 2639 586 2682 omnes
609 2617 791 2682 incolumes
813 2624 1021 2703 receperunt.

210 2721 259 2784 13.
291 2720 415 2787 Caesar
450 2744 491 2786 ex
519 2721 637 2786 castris
671 2723 851 2805 equitatum
879 2719 978 2787 educi
1007 2719 1105 2788 iubos

122 2824 283 2911 proelium
308 2835 458 2909 equestre
482 2824 673 2905 committit3
695 2821 924 2888 laborantibus
946 2825 1016 2890 iam
1039 2823 1103 2888 suis

124 2927 308 2993 Germanos
332 2929 457 3012 equites
481 2925 611 2990 circiter
639 2940 723 2990 cccc
753 2925 925 3010 submittit,
958 2949 1043 3014 quos
1065 2925 1103 2991 ab

102 3032 214 3096 sinitio
251 3030 373 3095 habere
408 3052 519 3096 secum
553 3031 747 3094 instituerat.
793 3030 915 3095 Eorum
949 3031 1105 3117 impetum

124 3132 397 3199 Galli'sustinerc
420 3156 486 3198 non
511 3141 689 3218 potuerunt
712 3141 810 3217 atque
838 3134 872 3197 in
892 3126 1010 3218 fugam
1032 3156 1105 3201 con·

123 3239 198 3302 iccti
214 3236 324 3301 multis
341 3239 473 3302 amissis
498 3259 533 3301 se
555 3234 598 3299 ad
616 3256 734 3319 agmen
749 3243 953 3321 receperunt.
979 3236 1104 3319 Quibus

123 3342 305 3426 profligatis
335 3364 449 3405 rursus
480 3340 635 3426 oppidani
659 3341 822 3425 perterriti
853 3340 1105 3425 comprehensos

124 3467 191 3527 eos,
213 3468 350 3531 quornm
375 3467 476 3530 opera
491 3442 621 3530 plebem
645 3444 845 3509 concitatam
860 3443 1104 3525 existimabant,

125 3551 167 3615 ad
199 3549 374 3616 Caesarem
408 3549 632 3635 perduxerunt
666 3570 802 3633 seseque
836 3549 867 3612 ei
901 3546 1104 3615 dediderunt.
