2430 4028
384 240 496 291 crena
513 239 587 302 vm,
606 238 684 292 cnr.
702 242 811 292 14-1‘1.
1021 238 1083 304 241

107 429 217 495 silium
233 430 282 494 sui
297 430 477 516 recipiendi
501 440 667 517 ceperunt.
692 433 826 515 Fasces,
851 439 886 495 ut
909 453 1107 496 consuere-s

106 543 184 599 rant
217 518 370 620 [namque
397 536 524 600 inscie
556 535 669 601 sedere
693 533 809 600 Gallos
832 557 1009 601 consuesse
1033 559 1085 602 su·

74 674 78 678 ·
105 635 291 724 perioribus
318 640 560 703 commentariis
591 637 744 705 Caesaris
779 638 981 705 declaratum
1009 634 1083 724 est]‚

105 763 166 826 per
193 764 310 807 manus
340 751 591 808 stramentorum
620 765 659 808 ac
688 741 915 827 virgultorum,
947 765 1084 831 quorum

106 868 237 911 summa
260 855 330 911 erat
351 847 385 911 in
408 848 524 911 castris
546 848 652 933 copia,
676 847 759 911 inter
783 870 818 912 se
841 847 984 913 traditos
1007 856 1083 912 ante

103 951 211 1015 aciem
239 949 444 1015 collocarunt
470 958 683 1036 extremoque
712 959 859 1035 tempore
889 950 954 1017 diei
987 954 1081 1037 signo

104 1054 317 1138 pronuntiato
341 1077 405 1118 uno
422 1063 569 1139 tempore
589 1054 812 1119 incenderunt.
836 1055 888 1119 Ita
910 1040 1105 1121 continenss

104 1155 240 1220 flamma
273 1156 386 1241 copias
421 1178 533 1221 omnes
567 1165 700 1241 repente
734 1179 755 1221 a
787 1168 967 1243 conspectu
1000 1160 1085 1224 texit

104 1259 339 1325 Romanorum.
386 1259 484 1340 Quod
507 1258 562 1325 ubi
585 1259 723 1343 accidit,
755 1259 888 1327 barbari
911 1261 1083 1328 vehemen-

104 1363 233 1427 tissimo
257 1384 356 1428 cursu
377 1363 576 1447 refugerunt.

194 1466 244 1530 16.
281 1464 423 1543 Caesar,
458 1467 521 1531 etsi
554 1466 737 1533 discessum
764 1466 908 1534 hostium
935 1471 1082 1536 animad-

103 1579 235 1636 vertere
262 1593 330 1635 non
357 1579 487 1656 poterat
514 1571 673 1636 incendiis
703 1573 878 1656 oppositis,
911 1582 1022 1639 tamen
1050 1575 1084 1639 id

104 1673 281 1740 consilium
303 1696 377 1738 cum
400 1673 499 1759 fugae
522 1696 623 1739 eausa
645 1676 760 1740 initum
784 1678 1016 1762 suspicaretur,
1039 1678 1083 1743 le·

105 1779 223 1863 giones
257 1787 444 1864 promovet,
476 1787 600 1843 turmas
629 1780 728 1844 mittit
759 1780 801 1845 ad
832 1781 1082 1866 insequendum3

104 1883 176 1966 ipse
200 1883 323 1946 veritus
346 1880 499 1964 insidias,
528 1904 569 1946 ne
598 1882 682 1946 forte
711 1884 744 1945 in
768 1882 883 1947 eodem
909 1882 984 1949 loco
1009 1883 1083 1949 sub·

107 1988 225 2051 sistere
247 1984 350 2049 hostis
374 1992 473 2070 atque
503 1983 619 2049 elicere
641 1992 774 2050 nostros
796 1986 830 2049 in
853 1986 962 2052 locum
985 2009 1083 2052 oona·

103 2098 196 2153 retur
211 2089 369 2174 iniquum,
393 2086 519 2152 tardius
536 2087 694 2172 procedit.
718 2088 854 2174 Equites
871 2111 945 2155 cum
960 2091 1104 2156 intrares

105 2212 269 2257 summum
298 2193 411 2275 iugum
439 2198 472 2254 et
493 2191 658 2256 flammam
682 2189 909 2257 densissimam
931 2194 1083 2259 timerent

103 2321 160 2380 ac,
197 2302 225 2364 si
258 2300 313 2385 qui
343 2298 495 2384 cupidius
525 2300 741 2380 intraverant,
775 2300 832 2363 vix
862 2319 992 2362 suorum
1018 2298 1083 2382 ipsi

103 2404 232 2488 priores
265 2410 376 2488 partes
411 2401 710 2466 animadverterent
739 2423 912 2487 equorum,
946 2399 1082 2464 insidias

102 2506 201 2570 veriti
231 2502 369 2569 liberam
397 2503 587 2570 facultatem
618 2507 667 2570 sui
693 2505 874 2589 recipiendi
897 2503 1082 2568 Bellovacis

104 2606 275 2673 dederunt.
292 2609 344 2673 Ita
359 2609 439 2693 fuga
454 2611 580 2675 timoris
598 2609 693 2674 simul
716 2609 969 2694 calliditatisque
985 2607 1104 2692 plenas

104 2714 175 2777 sine
197 2711 266 2778 ullo
290 2713 481 2778 detrimento
506 2713 597 2778 milia
619 2735 684 2778 non
708 2712 849 2798 amplius
873 2712 986 2777 decem
1009 2732 1082 2797 pro-

103 2817 209 2900 gressi
243 2815 355 2882 hostes
388 2817 461 2882 loco
495 2818 714 2882 munitissimo
749 2826 860 2881 castra
893 2823 1081 2901 posuerunt.

102 2917 186 2984 Inde
216 2941 290 2986 cum
314 2942 413 3005 saepe
441 2922 476 2984 in
498 2920 625 2985 insidiis
649 2921 773 3005 equites
802 2919 994 3006 peditesque
1018 2918 1102 2983 dis-4

102 3032 280 3109 ponerent,
317 3043 439 3106 magna
469 3022 663 3088 detrimenta
697 3023 853 3087 Romanis
883 3023 917 3086 in
945 3021 1082 3108 pabula·

101 3125 249 3192 tionibus
271 3125 465 3192 inferebant.
839 3213 840 3216 Ἴ

194 3228 245 3294 17.
268 3228 368 3310 Quod
395 3254 470 3297 cum
499 3228 646 3295 crebrius
673 3230 853 3311 accideret,
883 3252 926 3295 ex
949 3230 1081 3316 captivo

103 3332 250 3420 quodam
278 3337 439 3421 comperit
463 3333 603 3417 Caesar,
634 3332 807 3413 comeum,
831 3333 1082 3399 Bellovacorum

104 3437 244 3519 ducem,
273 3435 524 3503 fortissimorum
547 3437 638 3502 milia
668 3460 729 3503 sex
750 3436 898 3522 peditum
922 3436 1083 3521 delegisse

103 3543 299 3629 equitesque
322 3563 365 3606 ex
389 3543 476 3607 omni
499 3563 633 3607 numero
656 3540 762 3626 mille,
792 3562 873 3628 quos
900 3543 934 3607 in
955 3541 1084 3607 insidiis

155 3657 243 3702 osee.
258 3658 276 3701 1.
299 3657 320 3701 a.
336 3658 362 3701 o.
896 3662 927 3711 16
