2430 4028
122 247 163 310 74
424 249 473 297 nn
492 247 611 297 nerino
632 248 789 299 uranico

122 437 294 521 diligenter
317 437 358 500 ab
382 438 422 500 iis
446 447 517 501 erat
540 438 719 522 provisum,
749 460 824 523 spes
848 438 1000 503 Venetici
1026 438 1105 505 belli

121 550 153 606 et
175 541 264 626 quod
286 539 355 604 fere
379 539 518 604 libenter
540 539 688 605 homines
712 540 755 622 id,
780 541 868 627 quod
884 540 1012 618 volunt,
1038 563 1106 606 cre·

99 644 211 711 rdunt.
236 645 298 708 His
313 643 410 709 rebus
435 644 568 709 adducti
590 668 656 710 non
680 647 770 729 prius
786 643 1010 709 Viridovicem
1036 644 1107 710 reli-

122 769 270 832 quosque
294 748 394 812 duces
419 771 460 812 ex
484 749 625 814 concilio
650 749 832 832 dimittunt,
863 770 962 835 quam
985 747 1030 812 ab
1055 750 1106 814 bis

123 853 165 917 sit
187 874 396 935 concessum,
426 874 518 917 arma
544 855 591 918 uti
616 855 749 938 capiant
772 863 805 917 et
827 852 871 917 ad
893 860 1005 919 castra
1030 875 1107 918 con·

100 955 268 1021 etendant.
294 956 420 1035 Quare
436 978 596 1021 concessa
611 957 689 1021 laeti
712 966 749 1020 ut
768 956 941 1041 explorata
964 958 1107 1022 victoria

125 1060 297 1123 sarmentis
313 1058 528 1145 virgultisque
545 1058 704 1136 collectis,
729 1058 847 1145 quibus
864 1060 972 1124 fossas
984 1059 1106 1124 Roma-

123 1185 240 1227 norum
263 1160 461 1246 compleant,
486 1162 529 1226 ad
553 1173 662 1227 castra
689 1171 839 1247 pergunt.

212 1267 262 1330 19.
286 1267 396 1330 Locus
420 1276 491 1330 erat
507 1276 690 1331 castrorum
707 1266 812 1330 editus
835 1275 868 1331 et
883 1265 1048 1351 paulatim
1064 1267 1106 1333 ab

124 1371 188 1432 imo
213 1366 347 1433 acclivis
371 1370 501 1432 circiter
517 1391 635 1453 passus
652 1367 749 1432 mille.
775 1368 849 1432 Huc
865 1388 986 1452 magno
1007 1393 1106 1437 cursu

123 1470 371 1553 contenderunt,
395 1482 553 1557 utquam
575 1473 746 1535 minimum
769 1473 865 1557 spatii
890 1471 934 1536 ad
958 1496 993 1538 se
1017 1474 1109 1540 colli·

123 1575 248 1660 gendos
265 1575 506 1661 armandosque
522 1577 679 1641 Romanis
700 1577 841 1661 daretur,
859 1577 1107 1666 exanimatique

100 1691 351 1765 iperveneruut.
396 1679 539 1745 Sabinus
564 1703 641 1746 suos
664 1681 814 1746 hortatus
837 1681 1051 1766 cupientibus
1068 1686 1107 1749 si-

123 1805 222 1868 gnum
247 1784 314 1849 dat.
337 1783 508 1868 Impeditis
525 1784 674 1848 hostibus
690 1792 825 1869 propter
841 1807 890 1863 ea,
915 1805 1001 1870 quae
1023 1785 1107 1850 fere·

122 1886 218 1970 bant,
254 1909 353 1952 onera
384 1888 491 1951 subito
525 1887 653 1951 duabus
677 1889 780 1972 portis
804 1889 1008 1972 eruptionem
1033 1889 1104 1953 fieri

100 1990 222 2056 eiubet.
267 1991 407 2055 Factum
434 1999 483 2055 est
507 1991 752 2075 opportunitate
774 1989 859 2073 loci,
889 1989 1036 2055 hostium
1060 1994 1108 2056 in-

125 2095 261 2158 scientia
292 2115 332 2158 ac
360 2093 613 2177 defatigatione,
643 2094 762 2156 virtute
792 2090 929 2157 militum
952 2101 987 2156 et
1009 2115 1106 2179 supe·

123 2198 244 2262 riorum
262 2217 446 2282 pugnarum
462 2197 708 2278 exercitatione,
732 2205 768 2260 ut
790 2217 831 2259 ne
846 2217 947 2259 unum
970 2195 1107 2282 quidem

123 2311 311 2367 nostrorum
343 2301 500 2385 impetum
535 2301 656 2364 ferrent
692 2321 731 2364 ac
766 2299 876 2363 statim
907 2308 1002 2382 terga
1035 2322 1108 2365 ver-

102 2412 238 2469 rterent.
265 2404 359 2484 Quos
374 2403 549 2489 impeditos
565 2404 701 2484 integris
717 2400 842 2465 viribus
866 2400 985 2467 milites
1001 2405 1108 2469 nostri

125 2510 289 2571 consecuti
315 2528 469 2590 magnum
493 2527 662 2570 numerum
686 2527 798 2570 eorum
827 2503 1036 2589 occiderunt3
1061 2529 1109 2571 re·

124 2611 231 2696 liquos
254 2613 381 2696 equites
404 2610 584 2674 consectati
608 2630 733 2693 paucos
741 2657 750 2688 ,
782 2609 902 2692 quiex
930 2607 1011 2690 fuga
1035 2631 1112 2674 eva·

102 2723 244 2795 eserant,
268 2713 478 2799 reliquerunt.
524 2711 578 2776 Sic
600 2734 665 2776 uno
690 2722 837 2797 tempore
865 2721 898 2775 et
927 2708 968 2775 de
993 2712 1110 2777 navali

125 2838 236 2902 pugna
260 2815 402 2880 Sabinus
426 2815 523 2880 etde
547 2814 661 2879 Sabini
685 2816 824 2880 victoria
839 2812 964 2878 Caesar
987 2817 1111 2881 certior

125 2921 233 2984 factus
256 2930 315 3000 est,
340 2921 554 3004 civitatesque
579 2941 690 2983 omnes
715 2941 749 2982 se
773 2921 884 2983 statim
900 2917 1028 2982 Titurio
1055 2919 1112 2984 de·

103 3022 287 3089 ediderunt.
332 3023 418 3086 Nam
446 3033 483 3087 ut
511 3022 554 3086 ad
581 3022 668 3086 bella
699 3021 910 3107 suscipienda
933 3018 1110 3088 Gallorum

125 3127 235 3190 alacer
251 3149 290 3190 ac
306 3136 477 3211 promptus
500 3136 549 3189 est
565 3129 704 3207 animus,
729 3127 775 3189 sic
791 3124 898 3189 mollis
915 3145 955 3187 ac
970 3126 1109 3190 minime

125 3232 281 3294 resistens
297 3229 340 3293 ad
360 3228 564 3293 calamitates
584 3227 794 3312 perferendas
806 3249 899 3291 meus
912 3247 1026 3292 eorum
1046 3239 1107 3293 est.

211 3331 262 3396 20.
287 3333 413 3398 Eodem
435 3333 503 3396 fere
526 3343 672 3417 tempore
696 3330 831 3396 Publius
856 3329 1007 3413 Crassus,
1031 3353 1108 3397 cum

124 3439 158 3501 in
192 3437 406 3523 Aquitaniam
440 3439 664 3522 pervenisset,
703 3457 787 3521 quae
821 3456 919 3520 pars,
960 3444 998 3499 ut
1031 3444 1110 3501 ante

127 3540 250 3606 dictum
279 3550 344 3623 cst,
380 3551 413 3605 et
439 3541 607 3623 regionum
637 3538 811 3604 latitudine
841 3547 872 3602 et
900 3537 1111 3604 multitudine
