2430 4028
123 265 184 330 133
429 267 479 314 nu
498 264 619 315 unum)
639 261 797 312 ursinico

121 458 239 519 civitas
262 456 420 540 imprimis
436 455 531 518 firma
553 464 586 518 et
601 475 740 537 magnae
756 455 840 518 inter
857 452 976 519 Gallos
992 464 1099 520 aucto·

120 560 243 641 nitatis,
267 555 485 634 Cavarinum,
515 580 612 643 quem
637 553 762 623 Caesar
791 557 881 643 apud
909 578 969 624 eos
991 580 1100 644 regem

122 661 347 744 constituerat,
364 663 458 725 cuius
473 661 575 726 frater
590 663 791 746 Moritasgus
812 660 959 728 adventu
973 662 1010 728 in
1026 661 1100 727 Gal·

123 765 200 830 liam
217 763 370 828 Caesaris
393 767 551 851 cuiusque
566 767 708 830 maiores
723 788 860 851 regnum
883 764 1100 848 obtinuerant,

122 868 304 932 interficere
335 867 467 953 publico
497 867 635 934 consilio
665 871 791 953 conati,
822 892 898 936 cum
925 869 982 935 ille
1013 892 1102 956 prae·

123 973 281 1036 sensisset
296 994 336 1035 ac
348 972 559 1057 profugisset,
576 995 680 1058 usque
692 973 736 1038 ad
750 973 833 1038 fines
845 974 988 1038 insecuti
1003 995 1101 1060 regno

100 1074 285 1160 adomoque
315 1075 511 1160 expulerunt
541 1085 573 1140 et
599 1078 709 1141 missis
738 1076 782 1141 ad
804 1073 985 1143 Caesarem
1012 1076 1100 1142 satis·

123 1178 269 1243 faciundi
292 1200 394 1244 causa
416 1179 550 1262 legatis,
581 1181 707 1244 cumis
730 1201 860 1245 omnem
882 1178 928 1245 ad
950 1202 989 1245 se
1013 1201 1101 1245 sena·

121 1293 191 1347 tum
218 1283 330 1347 venire
359 1283 524 1355 iussisset,
554 1282 642 1347 dicto
672 1281 843 1348 audientes
864 1304 932 1346 non
954 1283 1096 1348 fuerunt.

98 1386 262 1450 «Tantum
286 1384 376 1472 apud
398 1386 546 1452 homines
568 1384 730 1452 barbaros
753 1386 857 1452 valuit
878 1408 953 1452 esse
976 1387 1101 1472 aliquos

122 1498 271 1574 repertos
294 1490 457 1574 principes
484 1489 646 1554 inferendi
670 1487 756 1573 belli,
787 1497 982 1575 tantamque
1005 1490 1101 1555 omni·

122 1592 184 1657 bus
207 1593 436 1658 voluntantum
460 1593 748 1658 commutationem
771 1591 891 1673 attulit,
914 1601 952 1656 ut
975 1600 1102 1677 praeter

123 1697 257 1761 Aeduos
285 1705 318 1761 et
339 1697 478 1774 Remos,
507 1717 589 1781 quos
618 1697 796 1782 praecipuo
828 1716 958 1780 semper
982 1695 1102 1761 honora

123 1800 248 1865 Cacsar
271 1799 394 1864 habuit.
418 1799 540 1863 alteros
564 1821 623 1885 pro
647 1809 756 1865 vetere
780 1821 820 1864 ac
842 1808 1006 1886 perpetua
1029 1820 1102 1883 erga

123 1902 280 1988 populum
296 1904 480 1968 Romanum
502 1903 578 1986 fide,
602 1902 723 1968 alteros
739 1926 798 1988 pro
821 1902 1012 1969 recentibus
1028 1902 1101 1968 Gal-

123 2008 176 2070 lici
200 2005 276 2072 bclli
303 2006 436 2080 officiis,
470 2006 560 2071 nulla
589 2006 656 2071 fere
685 2008 801 2072 civitas
830 2005 930 2072 fuerit
957 2028 1027 2072 non
1056 2029 1101 2071 su·

101 2120 237 2196 aspecta
266 2110 372 2175 nobis.
417 2109 520 2196 quue
550 2111 633 2175 adeo
660 2109 751 2175 haud
781 2112 849 2176 scio
877 2110 1101 2176 mirandumne

124 2217 175 2297 sit,
199 2236 273 2280 cum
298 2212 521 2299 compluribus
546 2211 620 2278 aliis
643 2213 684 2278 de
707 2214 833 2296 causis,
856 2221 927 2278 tum
950 2215 1101 2293 maxima,

123 2318 212 2404 quod
227 2317 291 2402 leil,
309 2318 363 2404 qui
381 2318 498 2381 virtute
513 2316 590 2383 balli
609 2317 759 2383 omnibus
775 2314 928 2402 gentibus
943 2318 1101 2402 praefere-

123 2420 259 2497 bantur,
289 2430 420 2486 tantum
451 2444 485 2485 sc
509 2423 577 2486 eius
610 2424 774 2506 opinionis
798 2420 1043 2506 deperdidisse,
1070 2427 1102 2483 nt

124 2547 144 2589 a
172 2525 295 2611 populo
324 2525 474 2590 Romano
505 2525 643 2609 imperia
676 2525 875 2610 perferrent,
911 2524 1102 2608 gravissime

124 2627 290 2693 dolebant.

209 2729 261 2795 55.
295 2731 429 2795 Treveri
464 2754 541 2796 vero
584 2739 682 2817 atque
721 2730 968 2797 Indutiomarus
1004 2732 1102 2798 totius

124 2835 241 2898 hiemis
275 2833 400 2899 nullum
433 2845 562 2920 tempus
597 2838 862 2918 intermiserunt,
902 2835 982 2921 quin
1017 2843 1103 2901 tram

123 2938 272 3003 Rhenum
307 2937 435 3021 legatos
469 2939 655 3017 mitterent,
695 2940 846 3004 civitates
880 2936 1102 3018 sollicitarent,

124 3043 282 3127 pecunias
299 3040 540 3124 pollicerentur,
563 3063 685 3125 magna
702 3052 796 3127 parte
819 3042 986 3106 exercitus
1003 3039 1104 3107 nostri

125 3146 296 3210 interfecta
311 3144 414 3209 multo
434 3146 592 3209 minorem
616 3168 788 3230 superesse
804 3145 953 3210 dicerent
967 3153 1103 3229 partem.

102 3249 238 3333 sNeque
267 3258 377 3312 tamen
407 3247 464 3312 ulli
488 3249 613 3312 civitati
643 3247 884 3312 Germanorum
915 3246 1105 3332 persuaderi

124 3353 246 3437 potuit,
279 3362 316 3416 ut
338 3351 486 3416 Rhenum
509 3353 679 3428 transiret,
714 3374 788 3416 cum
812 3350 921 3415 sabis
951 3359 1104 3438 expertos

126 3456 286 3538 dicerent,
317 3455 474 3520 Ariovisti
501 3454 588 3519 bello
618 3463 650 3517 et
678 3455 915 3521 Tencterorum
948 3455 1103 3519 transitu:

103 3583 190 3625 anon
216 3581 288 3624 esse
312 3557 452 3644 amplius
477 3560 641 3624 fortunam
671 3567 899 3643 temptaturus.
945 3558 1024 3624 Hae
1053 3576 1105 3645 spo
