2430 4028
391 264 503 314 mann
520 263 584 324 1111,
605 260 682 312 cnr.
701 262 810 312 17-21.
1049 260 1091 324 93

107 456 341 538 constituerat,
378 463 414 518 ut
438 452 613 520 Germanis
641 463 764 518 metum
786 453 938 531 iniceret,
971 462 1006 517 ut
1029 449 1089 516 Su·
1121 487 1123 490 ⁴

106 558 265 642 gambros
287 558 516 640 ulcisceretur,
541 567 577 621 ut
600 556 705 622 Ubios
729 556 901 621 obsidione
924 556 1088 639 liberaret,

107 661 226 728 diebus
256 664 387 728 omnino
418 663 531 726 decem
560 671 592 726 et
623 669 697 726 octo
721 669 812 725 trans
836 658 984 724 Rhenum
1013 681 1089 724 con-

106 766 264 851 sumptis,
296 766 376 830 satis
409 774 441 829 et
465 763 507 829 ad
530 763 660 828 laudem
688 772 720 826 et
751 762 794 827 ad
818 762 993 827 utilitatem
1016 784 1089 847 pro·

105 869 230 933 fectum
253 867 442 950 arbitratus,
468 891 502 932 se
525 869 559 931 in
583 866 726 933 Galliam
751 868 875 953 recepit
892 874 1090 951 pontemque

104 972 252 1037 rescidit.
371 997 377 1008 ·

194 1072 247 1140 20.
270 1076 404 1161 Exigua
433 1086 527 1161 parte
550 1075 687 1139 aestatis
710 1073 837 1160 reliqua
861 1071 994 1156 Caesar,
1029 1074 1089 1137 etsi

105 1180 140 1244 in
169 1181 221 1244 his
252 1179 350 1262 loeis,
386 1179 473 1265 quod
503 1179 608 1243 omnis
639 1177 748 1242 Gallia
777 1177 820 1242 ad
850 1179 1089 1262 septentriones

106 1284 226 1367 vergit,
249 1291 396 1347 maturae
421 1291 495 1346 sunt
517 1281 657 1363 hiemes,
688 1290 798 1346 tamen
827 1283 861 1344 in
884 1281 1089 1345 Britanniam

105 1386 273 1471 proficisci
308 1385 499 1468 contendit,
540 1384 627 1470 quod
662 1383 813 1448 omnibus
848 1384 916 1448 fere
951 1382 1089 1448 Gallicis

104 1487 202 1554 bellis
231 1488 382 1554 hostibus
416 1489 537 1552 nostris
572 1487 649 1551 inde
684 1486 929 1551 subministrata
963 1486 1089 1552 auxilia

105 1591 319 1676 intellegebat
342 1603 384 1675 et,
411 1594 435 1656 si
461 1601 590 1676 tempus
614 1592 690 1655 anni
714 1590 757 1655 ad
773 1589 893 1654 bellum
910 1589 1111 1674 gerendums

107 1697 273 1780 deficeret,
297 1706 407 1762 tamen
430 1719 548 1779 magno
579 1695 641 1761 sibi
665 1698 736 1760 usui
760 1695 830 1759 fore
854 1693 1087 1777 arbitrabatur,

105 1804 132 1865 si
158 1799 256 1865 modo
286 1799 425 1865 insulam
457 1799 581 1864 adisset
614 1810 645 1864 et
679 1819 782 1881 genus
818 1798 985 1863 hominum
1019 1821 1090 1883 per.

106 1906 288 1991 spexisset,
323 1905 408 1980 loca,
438 1915 568 1990 portus,
602 1904 711 1969 aditus
743 1902 969 1985 cognovisset,
1004 1924 1112 1986 quaes

105 2008 307 2072 omniafere
330 2006 435 2072 Gallis
459 2016 552 2072 erant
574 2008 753 2090 incognita.
790 2005 903 2092 Neque
935 2005 1021 2069 enim
1044 2013 1090 2069 te·

104 2132 194 2175 mere
217 2120 347 2195 praeter
369 2119 568 2174 mercatores
590 2109 646 2174 illo
671 2109 739 2173 adit
762 2109 949 2194 quisquam,
982 2129 1090 2193 neque

105 2215 146 2279 iis
169 2213 251 2298 ipsis
275 2215 451 2300 quicquam
480 2222 611 2299 praeter
642 2234 732 2276 oram
762 2212 962 2276 maritimam
992 2219 1090 2297 atque

105 2340 164 2383 eas
187 2318 350 2402 regiones,
375 2338 459 2403 quae
489 2325 564 2381 sunt
587 2325 701 2382 contra
725 2315 863 2397 Gallias,
893 2323 1007 2380 notum
1029 2322 1090 2378 est.

103 2421 222 2507 Itaque
244 2423 372 2485 vocatis
404 2419 447 2483 ad
475 2443 511 2484 se
540 2419 683 2504 undique
713 2416 951 2483 mercatoribus
981 2438 1111 2503 nequer

105 2534 231 2613 quanta
264 2533 350 2589 esset
384 2523 511 2588 insulae
544 2523 749 2607 magnitudo,
785 2545 890 2608 neque
922 2543 1004 2606 quae
1032 2530 1089 2585 aut

105 2638 249 2715 quantae
272 2629 423 2693 nationes
445 2627 636 2710 incolerent,
659 2646 876 2713 nequaquem
900 2647 994 2688 usum
1010 2623 1088 2689 belli

105 2730 266 2796 haberent
288 2740 344 2795 aut
367 2729 484 2816 quibus
508 2732 666 2796 institutis
688 2739 872 2811 uterentur,
904 2752 1010 2816 neque
1034 2731 1087 2814 qui

105 2844 216 2900 essent
237 2832 280 2898 ad
296 2835 456 2899 maiorum
471 2835 604 2899 navium
625 2832 865 2899 multitudinem
887 2834 994 2898 idonei
1015 2856 1089 2919 por-

107 2949 173 3022 tus,
195 2938 339 3022 reperire
362 2945 501 3022 poterat.

192 3041 244 3105 21.
268 3040 322 3107 Ad
345 3040 427 3106 haec
443 3041 685 3126 cognoscenda,
701 3042 891 3127 priusquam
908 3039 1088 3125 periculum

104 3147 240 3224 faceret,
263 3143 419 3209 idoneum
442 3167 515 3209 esse
539 3145 716 3211 arbitratus
741 3144 862 3210 Gaium
885 3143 1086 3208 Volusenum

104 3271 179 3313 cum
203 3248 282 3312 navi
305 3248 407 3332 longa
422 3251 611 3333 praemittit.
638 3249 725 3314 Huic
747 3247 893 3330 mandat,
917 3255 953 3309 ut
976 3245 1110 3330 explos

104 3354 185 3416 ratis
212 3349 361 3415 omnibus
385 3349 484 3415 rebus
508 3350 551 3415 ad
575 3373 609 3415 se
626 3371 722 3436 quam
738 3352 880 3438 primum
895 3357 1086 3413 revertatur.

104 3455 180 3540 lpse
204 3475 280 3518 oum
308 3452 459 3518 omnibus
487 3454 591 3538 copiis
619 3455 653 3518 in
681 3453 828 3519 Morinos
858 3451 1108 3537 proficiscitur,s

105 3556 196 3644 quod
218 3557 295 3624 inde
318 3566 389 3623 erat
409 3555 620 3623 brevissimus
643 3558 677 3622 in
692 3557 897 3622 Britanniam
920 3557 1086 3621 traiectus.
