2430 4028
401 262 512 312 msua
529 262 562 325 v,
590 260 666 312 one.
686 263 795 312 sa-es.
1027 262 1087 326 119

104 454 253 517 noctium
277 451 420 530 suberat,
444 454 631 518 necessario
648 456 820 534 angustius
839 423 970 549 millites
987 451 1088 516 collo·
1169 535 1171 541 ,
1190 539 1194 544 .

104 559 194 622 eavit
222 579 262 621 ac
287 580 415 622 summa
437 556 675 642 tranquillitate
708 565 904 635 consecuta,
943 555 1088 620 secunda

103 661 186 726 inita
209 682 283 725 eum
308 660 459 726 solvisset
474 660 596 744 vigilia,
620 663 727 746 prima
751 660 824 723 luce
840 669 960 724 terram
979 660 1089 742 attigit

105 786 284 849 omnesque
307 764 488 830 incolumes
512 772 613 828 nav'es
636 763 801 850 perduxit.

192 867 244 930 24.
280 865 457 932 Subductis
492 866 632 932 navibus
671 866 877 951 concilioque
915 864 1087 930 Gallorum

104 971 361 1037 Samarobrivae
384 980 529 1056 peracto,
553 971 642 1057 quod
657 994 695 1037 eo
720 993 806 1035 anno
830 969 1030 1035 frumentum
1052 972 1086 1033 in

106 1075 222 1141 Gallia
237 1084 372 1161 propter
394 1077 560 1140 siccitates
577 1077 750 1158 angustius
767 1083 974 1159 provenerat,
992 1095 1087 1137 coac·

105 1190 159 1244 tus
191 1188 241 1243 est
269 1179 364 1244 aliter
392 1201 431 1244 ac
467 1179 688 1266 superioribus
719 1181 812 1243 annis
842 1180 1021 1243 exeneitum
1055 1179 1087 1240 in

104 1282 250 1348 hibernis
284 1283 447 1348 collocare
480 1284 691 1368 legionesque
725 1284 757 1345 in
793 1281 903 1365 plures
928 1280 1087 1362 [civitates

104 1385 309 1452 distribuere.
333 1387 388 1450 Ex
411 1386 530 1471 quibus
554 1408 652 1451 unam
675 1388 708 1449 in
732 1386 878 1449 Morinos
903 1384 1110 1450 ducendamr

106 1488 195 1554 Gaio
212 1487 317 1553 Fabio
333 1488 444 1573 legato
469 1488 570 1571 dedit,
596 1489 734 1552 alteram
758 1490 790 1552 in
806 1488 945 1552 Nervios
963 1486 1086 1567 Quinto

105 1592 268 1668 Ciceroni,
292 1595 422 1659 tertiam
446 1596 479 1657 in
494 1594 637 1658 Esuvios
653 1593 758 1658 Lucio
775 1592 913 1673 Rosci03
938 1601 1088 1676 quartam
1173 1679 1175 1683 Ι

105 1702 139 1763 in
164 1697 275 1762 Remis
299 1718 373 1762 cum
390 1698 465 1762 Tito
482 1696 630 1761 Labieno
655 1698 687 1760 in
711 1696 852 1760 confinio
872 1696 1088 1761 Treverorum

103 1802 252 1866 biemare
267 1802 378 1882 iussit3
402 1811 469 1865 tres
483 1802 516 1865 in
530 1799 641 1884 Belgis
659 1799 851 1865 collocavit:
872 1799 922 1863 bis
939 1800 1109 1866 Marcuma

106 1904 264 1971 Crassum
288 1913 494 1989 quaestorem
519 1914 551 1969 et
567 1905 707 1970 Lucium
722 1904 905 1968 Munatium
928 1904 1088 1968 Plancum

107 2019 140 2072 ct
154 2007 277 2072 Gaium
293 2006 491 2073 Trebonium
514 2007 642 2090 legatos
660 2008 828 2094 praefecit.
857 2007 964 2072 Unam
987 2006 1110 2092 legio-4

104 2135 192 2194 nem,
217 2115 488 2198 quamproxime
512 2121 601 2177 trans
625 2111 750 2176 Padum
775 2113 1031 2198 conscripserat,
1056 2121 1087 2176 et

104 2213 260 2279 cobortes
284 2232 306 2277 v
328 2217 362 2279 in
387 2214 574 2296 Eburones,
608 2237 745 2300 quorum
769 2237 846 2299 pars
869 2217 1015 2279 maxima
1039 2226 1089 2280 est

103 2321 193 2384 inter
214 2318 345 2382 Mosam
368 2340 407 2381 ac
423 2317 583 2397 Rhenum,
607 2321 662 2403 qui
685 2318 745 2382 sub
769 2320 905 2402 imperio
928 2318 1088 2383 Ambiori-

103 2425 156 2507 gis
181 2431 214 2487 et
231 2420 406 2487 Catuvolci
429 2432 532 2505 erant,
549 2424 646 2487 misit.
670 2423 732 2488 His
749 2423 906 2487 militibus
931 2421 1110 2502 Quintums

104 2527 271 2591 Titurium
294 2525 452 2591 Sabinum
476 2537 508 2592 et
521 2526 661 2592 Lucium
677 2527 934 2592 Aurunculeium
957 2526 1087 2592 Cottam

103 2629 235 2713 legatos
259 2652 413 2714 praeesse
436 2633 540 2696 iussit.
569 2630 623 2694 Ad
638 2630 724 2695 hunc
747 2631 881 2695 modum
906 2630 1110 2695 distributiss

105 2732 295 2817 legionibus
311 2731 468 2799 facillime
480 2735 613 2819 inopiae
629 2735 861 2800 frumentariae
878 2757 949 2798 sese
964 2734 1089 2798 mederi

103 2857 204 2922 posse
220 2838 431 2902 existimavit.
450 2838 556 2922 Atque
572 2837 688 2902 barum
700 2848 813 2902 tamen
829 2839 971 2902 omnium
988 2836 1109 2921 legio-r

103 2964 185 3006 num
214 2940 352 3007 hiberna
382 2952 625 3026 praeteream,
658 2964 754 3027 quam
779 2942 883 3006 Lucio
907 2941 1026 3006 Roscio
1055 2944 1088 3006 in
1177 2988 1191 3031 Ι,

104 3031 337 3151 pacatiqimam
360 3055 393 3110 et
416 3046 651 3132 quietissimam
675 3055 802 3131 partem
830 3046 1012 3110 ducendam
1036 3047 1088 3112 de·
1181 3070 1206 3096 Α

104 3147 211 3230 derat,
234 3146 366 3214 milibus
389 3171 548 3235 passuum
572 3160 703 3213 centum
726 3149 988 3213 continebantur.
1011 3150 1110 3235 Ipsca
1155 3134 1170 3142 “

105 3250 245 3332 interca,
262 3251 373 3335 quoad
388 3250 535 3335 legiones
549 3251 730 3317 collocatas
746 3252 936 3337 munitaque
952 3251 1088 3317 hiberna

103 3356 327 3440 cognovisset,
351 3357 383 3420 in
409 3354 521 3420 Gallia
542 3359 662 3421 morari
687 3357 866 3420 constituit.

191 3457 242 3522 25.
265 3459 347 3524 Erat
369 3461 403 3525 in
419 3458 618 3526 Carnutibus
643 3482 769 3527 summo
792 3459 866 3524 loco
890 3471 987 3523 natus
1009 3460 1090 3524 Tas-

106 3565 231 3646 getius,
263 3563 356 3628 cuius
384 3565 526 3629 maiores
549 3566 582 3628 in
606 3587 666 3629 sua
688 3565 822 3627 civitate
845 3584 980 3646 regnum
1006 3563 1087 3627 obti-
