2430 4028
185 283 247 349 150
485 284 534 332 DE
552 282 673 332 BELLO
695 282 852 333 GALLICO

271 473 321 538 12.
346 471 429 538 Cum
445 470 571 538 Caesar
592 474 625 537 in
646 472 791 539 Galliam
813 473 915 553 venit,
940 473 1077 540 alterius
1099 475 1163 540 fac·

163 580 287 644 ationis
310 579 476 663 principes
500 586 595 642 erant
616 576 737 661 Aedui,
763 576 897 643 alterius
920 576 1077 665 Sequani.
1121 579 1164 644 Hi

186 705 260 747 cum
283 704 343 767 per
366 703 401 745 se
422 682 530 746 minus
545 681 702 765 valerent,
728 679 816 766 quod
836 702 963 746 summa
986 685 1165 749 auctoritas

186 788 366 870 antiquitus
396 794 467 850 erat
495 787 528 849 in
552 785 677 849 Aeduis
707 807 912 871 magnaeque
939 808 1053 853 eorum
1077 794 1167 852 erant

186 887 375 971 clientelae,
401 887 585 953 Germanos
616 898 713 972 atque
736 887 939 955 Ariovistum
968 889 1032 956 sibi
1056 890 1166 957 adiun-

189 1003 308 1057 xerant
341 1014 461 1077 eosque
485 992 529 1056 ad
552 1016 587 1057 se
609 993 739 1076 magnis
762 991 897 1056 iacturis
924 991 1167 1078 pollicitationi·

165 1095 316 1182 abusque
328 1095 563 1181 perduxerant.
586 1095 722 1160 Proeliis
736 1117 816 1161 vero
829 1095 1057 1181 compluribus
1074 1098 1167 1162 factis

189 1198 342 1264 secundis
366 1207 465 1285 atque
489 1201 577 1264 omni
600 1196 771 1264 nobilitate
783 1198 974 1264 Aeduorum
997 1200 1169 1266 interfecta

165 1312 315 1369 stantum
344 1305 493 1388 potentia
516 1311 778 1386 antecesserant,
806 1312 843 1368 ut
864 1325 1020 1386 magnam
1044 1315 1169 1390 partem

189 1407 356 1472 clientium
373 1404 415 1470 ab
434 1404 557 1470 Aeduis
575 1405 619 1470 ad
635 1429 670 1470 se
686 1405 897 1471 traducerent
912 1405 1115 1493 obsidesque
1130 1407 1168 1472 ab

188 1511 229 1574 iis
262 1511 448 1595 principum
481 1508 568 1573 filios
605 1510 794 1594 acciperent
827 1517 861 1574 et
892 1507 1027 1594 publice
1067 1512 1170 1576 iurare

190 1623 345 1696 cogerent
368 1612 449 1677 nihil
473 1635 508 1677 se
531 1621 646 1677 contra
670 1611 842 1699 Sequanos
866 1611 996 1678 consilii
1018 1613 1167 1696 inituros,

191 1730 224 1784 et
253 1728 380 1804 partem
414 1716 544 1781 finitimi
573 1719 643 1800 agri
674 1737 733 1801 per
754 1719 820 1781 vim
849 1724 1047 1801 occupatam
1070 1718 1170 1804 possi·

192 1823 306 1887 derent
344 1821 540 1907 Galliaeque
577 1823 677 1885 totius
714 1823 936 1906 principatum
978 1821 1170 1888 obtinerent.

169 1925 267 2005 sQua
289 1926 484 1991 necessitate
509 1925 670 1990 adductus
686 1925 873 1990 Divitiacus
901 1925 1017 1990 auxilii
1040 1925 1170 2010 petendi

192 2050 295 2094 causa
317 2030 456 2095 Romam
486 2029 530 2094 ad
552 2038 703 2094 senatum
725 2029 894 2114 profectus
920 2028 1118 2114 imperfecta
1139 2052 1171 2094 ro

170 2132 345 2198 eredierat.
358 2132 513 2198 Adventu
521 2129 672 2196 Caesaris
685 2132 775 2196 facta
787 2133 1045 2198 commutatione
1056 2156 1171 2214 rcrum,

194 2234 365 2301 obsidibus
389 2235 514 2301 Aeduis
542 2233 695 2316 redditis,
730 2234 897 2300 veteribus
931 2235 1096 2301 clientelis
1127 2259 1172 2300 re·

194 2341 330 2416 stitutis,
360 2342 455 2405 novis
486 2361 544 2424 per
567 2336 746 2405 Caesarem
775 2341 990 2424 comparatis,
1018 2340 1111 2424 quod
1132 2341 1172 2420 bi,

195 2445 251 2530 qui
275 2467 309 2509 se
333 2442 376 2508 ad
398 2464 511 2507 corum
534 2445 712 2508 amicitiam
736 2453 1014 2527 aggregaverant,
1042 2443 1173 2510 meliore

195 2547 389 2612 condicione
412 2553 510 2630 atque
533 2548 688 2631 aequiore
711 2547 848 2629 imperio
880 2568 914 2611 se
936 2545 985 2610 uti
1007 2545 1173 2626 videbant,

194 2648 329 2736 reliquis
349 2649 447 2714 rebus
464 2671 577 2713 eorum
592 2651 699 2733 gratia
715 2648 940 2734 dignitateque
963 2649 1174 2737 amplificata,

174 2754 339 2838 rchuani
368 2753 590 2838 principatum
622 2751 823 2817 dimiserant.
869 2752 908 2816 ln
931 2774 1045 2817 eorum
1069 2754 1174 2821 locum

195 2859 288 2922 Remi
306 2865 548 2936 successerant,
573 2877 655 2941 quos
680 2855 768 2942 quod
784 2855 970 2940 adaequare
988 2857 1080 2941 apud
1097 2856 1172 2923 Cae·

197 2983 304 3026 sarem
327 2962 435 3044 gratia
457 2956 727 3042 intellegebatur,
758 2961 791 3041 ii,
816 2959 870 3044 qui
893 2967 1029 3044 propter
1052 2970 1173 3027 veteres

196 3065 383 3128 inimicitias
414 3061 503 3126 nullo
533 3060 631 3125 modo
662 3082 738 3126 cum
760 3062 885 3127 Aeduis
910 3065 1068 3148 coniungi
1090 3074 1174 3152 pote·

176 3177 281 3243 erant,
307 3190 340 3230 se
356 3167 468 3231 Remis
492 3167 525 3228 in
543 3164 728 3230 clientelam
745 3164 912 3231 dicabant.
939 3165 1012 3231 Hos
1034 3166 1084 3232 illi
1108 3165 1172 3233 dili·

198 3281 312 3355 genter
334 3269 524 3350 tuebantur3
550 3271 597 3334 ita
621 3279 654 3333 et
668 3291 788 3334 novam
805 3280 839 3335 et
855 3279 988 3354 repente
1005 3270 1175 3338 collectam

177 3375 430 3440 tauctoritatem
458 3372 624 3438 tenebant·
669 3374 719 3438 Eo
743 3383 813 3438 tum
842 3383 1003 3440 stateres
1027 3385 1117 3453 erat,
1143 3382 1174 3439 ut

199 3480 297 3561 longe
319 3478 483 3562 principes
505 3475 703 3542 haberentur
727 3479 843 3557 Aedui,
868 3477 1048 3543 secundum
1071 3478 1174 3545 locum

201 3583 369 3666 dignitatis
395 3581 488 3645 Remi
512 3579 705 3646 obtinerent.
