<?xml version="1.0" encoding="UTF-8"?>
<!DOCTYPE html PUBLIC "-//W3C//DTD XHTML 1.0 Transitional//EN"
    "http://www.w3.org/TR/xhtml1/DTD/xhtml1-transitional.dtd">
<html xmlns="http://www.w3.org/1999/xhtml" xml:lang="en" lang="en">
 <head>
  <title>
</title>
<meta http-equiv="Content-Type" content="text/html;charset=utf-8" />
  <meta name='ocr-system' content='tesseract 3.04.00' />
  <meta name='ocr-capabilities' content='ocr_page ocr_carea ocr_par ocr_line ocrx_word'/>
</head>
<body>
  <div class='ocr_page' id='page_1' title='image "./ciuliicaesarisc01hoffgoog_0105.png"; bbox 0 0 2430 4028; ppageno 0'>
   <div class='ocr_carea' id='block_1_1' title="bbox 134 236 811 301">
    <p class='ocr_par' dir='ltr' id='par_1_1' title="bbox 134 236 811 301">
     <span class='ocr_line' id='line_1_1' title="bbox 134 236 811 301; baseline 0.006 -11"><span class='ocrx_word' id='word_1_1' title='bbox 134 236 175 301; x_wconf 85' lang='grc'><strong>96</strong></span> <span class='ocrx_word' id='word_1_2' title='bbox 442 243 492 291; x_wconf 84' lang='lat' dir='ltr'><strong>DE</strong></span> <span class='ocrx_word' id='word_1_3' title='bbox 511 240 632 292; x_wconf 83' lang='lat' dir='ltr'><strong>BELLO</strong></span> <span class='ocrx_word' id='word_1_4' title='bbox 653 240 811 294; x_wconf 74' lang='lat' dir='ltr'><strong>uaunlco</strong></span> 
     </span>
    </p>
   </div>
   <div class='ocr_carea' id='block_1_2' title="bbox 133 412 1116 518">
    <p class='ocr_par' dir='ltr' id='par_1_2' title="bbox 133 412 1116 518">
     <span class='ocr_line' id='line_1_2' title="bbox 133 412 1116 518; baseline 0.007 -26"><span class='ocrx_word' id='word_1_5' title='bbox 133 428 348 513; x_wconf 81' lang='lat' dir='ltr'><strong>postularent,</strong></span> <span class='ocrx_word' id='word_1_6' title='bbox 366 439 401 494; x_wconf 92' lang='lat' dir='ltr'><strong>ut</strong></span> <span class='ocrx_word' id='word_1_7' title='bbox 418 453 501 517; x_wconf 88' lang='lat' dir='ltr'><strong>quac</strong></span> <span class='ocrx_word' id='word_1_8' title='bbox 514 431 654 496; x_wconf 90' lang='lat' dir='ltr'><strong>celerem</strong></span> <span class='ocrx_word' id='word_1_9' title='bbox 671 441 770 518; x_wconf 90' lang='lat' dir='ltr'><strong>atque</strong></span> <span class='ocrx_word' id='word_1_10' title='bbox 784 412 974 498; x_wconf 69' lang='lat' dir='ltr'><strong>instabilem</strong></span> <span class='ocrx_word' id='word_1_11' title='bbox 985 439 1116 499; x_wconf 90' lang='lat' dir='ltr'><strong>motum</strong></span> 
     </span>
    </p>
   </div>
   <div class='ocr_carea' id='block_1_3' title="bbox 102 531 1115 3614">
    <p class='ocr_par' dir='ltr' id='par_1_3' title="bbox 110 531 1115 1115">
     <span class='ocr_line' id='line_1_3' title="bbox 131 531 1114 623; baseline 0.004 -27"><span class='ocrx_word' id='word_1_12' title='bbox 131 531 298 615; x_wconf 84' lang='lat' dir='ltr'><strong>haberent,</strong></span> <span class='ocrx_word' id='word_1_13' title='bbox 333 532 376 597; x_wconf 90' lang='lat' dir='ltr'><strong>ad</strong></span> <span class='ocrx_word' id='word_1_14' title='bbox 404 542 517 599; x_wconf 91' lang='lat' dir='ltr'><strong>nutum</strong></span> <span class='ocrx_word' id='word_1_15' title='bbox 552 543 584 597; x_wconf 92' lang='lat' dir='ltr'><strong>et</strong></span> <span class='ocrx_word' id='word_1_16' title='bbox 614 535 657 600; x_wconf 93' lang='lat' dir='ltr'><strong>ad</strong></span> <span class='ocrx_word' id='word_1_17' title='bbox 691 544 820 623; x_wconf 87' lang='lat' dir='ltr'><strong>tempus</strong></span> <span class='ocrx_word' id='word_1_18' title='bbox 851 558 963 603; x_wconf 90' lang='lat' dir='ltr'><strong>omnes</strong></span> <span class='ocrx_word' id='word_1_19' title='bbox 992 558 1049 601; x_wconf 86' lang='lat' dir='ltr'><strong>res</strong></span> <span class='ocrx_word' id='word_1_20' title='bbox 1072 534 1114 601; x_wconf 89' lang='lat' dir='ltr'><strong>ab</strong></span> 
     </span>
     <span class='ocr_line' id='line_1_4' title="bbox 110 634 1115 707; baseline 0.007 -9"><span class='ocrx_word' id='word_1_21' title='bbox 110 636 170 705; x_wconf 66' lang='lat' dir='ltr'><strong>eiis</strong></span> <span class='ocrx_word' id='word_1_22' title='bbox 205 634 519 701; x_wconf 82' lang='lat' dir='ltr'><strong>administrarentur.</strong></span> <span class='ocrx_word' id='word_1_23' title='bbox 571 637 632 702; x_wconf 91' lang='lat' dir='ltr'><strong>His</strong></span> <span class='ocrx_word' id='word_1_24' title='bbox 667 637 811 704; x_wconf 83' lang='lat' dir='ltr'><strong>dimissis</strong></span> <span class='ocrx_word' id='word_1_25' title='bbox 846 648 879 704; x_wconf 92' lang='lat' dir='ltr'><strong>et</strong></span> <span class='ocrx_word' id='word_1_26' title='bbox 910 648 1049 707; x_wconf 85' lang='lat' dir='ltr'><strong>ventum</strong></span> <span class='ocrx_word' id='word_1_27' title='bbox 1082 649 1115 706; x_wconf 88' lang='lat' dir='ltr'><strong>et</strong></span> 
     </span>
     <span class='ocr_line' id='line_1_5' title="bbox 131 741 1113 829; baseline 0.008 -28"><span class='ocrx_word' id='word_1_28' title='bbox 131 748 258 804; x_wconf 87' lang='lat' dir='ltr'><strong>aestum</strong></span> <span class='ocrx_word' id='word_1_29' title='bbox 287 762 351 804; x_wconf 91' lang='lat' dir='ltr'><strong>nno</strong></span> <span class='ocrx_word' id='word_1_30' title='bbox 381 749 527 825; x_wconf 88' lang='lat' dir='ltr'><strong>ternpore</strong></span> <span class='ocrx_word' id='word_1_31' title='bbox 550 750 666 806; x_wconf 88' lang='lat' dir='ltr'><strong>nactus</strong></span> <span class='ocrx_word' id='word_1_32' title='bbox 696 742 876 809; x_wconf 89' lang='lat' dir='ltr'><strong>secundum</strong></span> <span class='ocrx_word' id='word_1_33' title='bbox 904 741 983 809; x_wconf 87' lang='lat' dir='ltr'><strong>dato</strong></span> <span class='ocrx_word' id='word_1_34' title='bbox 1020 745 1113 829; x_wconf 82' lang='lat' dir='ltr'><strong>signo</strong></span> 
     </span>
     <span class='ocr_line' id='line_1_6' title="bbox 130 841 1114 932; baseline 0.006 -26"><span class='ocrx_word' id='word_1_35' title='bbox 130 850 163 906; x_wconf 92' lang='lat' dir='ltr'><strong>et</strong></span> <span class='ocrx_word' id='word_1_36' title='bbox 186 841 323 906; x_wconf 87' lang='lat' dir='ltr'><strong>sublatis</strong></span> <span class='ocrx_word' id='word_1_37' title='bbox 352 845 483 907; x_wconf 90' lang='lat' dir='ltr'><strong>ancoris</strong></span> <span class='ocrx_word' id='word_1_38' title='bbox 514 843 644 908; x_wconf 81' lang='lat' dir='ltr'><strong>circiter</strong></span> <span class='ocrx_word' id='word_1_39' title='bbox 672 844 763 909; x_wconf 87' lang='lat' dir='ltr'><strong>milia</strong></span> <span class='ocrx_word' id='word_1_40' title='bbox 793 868 950 931; x_wconf 81' lang='lat' dir='ltr'><strong>passuum</strong></span> <span class='ocrx_word' id='word_1_41' title='bbox 984 856 1114 932; x_wconf 86' lang='lat' dir='ltr'><strong>septem</strong></span> 
     </span>
     <span class='ocr_line' id='line_1_7' title="bbox 130 943 1113 1035; baseline 0.01 -28"><span class='ocrx_word' id='word_1_42' title='bbox 130 943 171 1008; x_wconf 91' lang='lat' dir='ltr'><strong>ab</strong></span> <span class='ocrx_word' id='word_1_43' title='bbox 195 967 234 1010; x_wconf 88' lang='lat' dir='ltr'><strong>eo</strong></span> <span class='ocrx_word' id='word_1_44' title='bbox 258 944 331 1012; x_wconf 95' lang='lat' dir='ltr'><strong>loco</strong></span> <span class='ocrx_word' id='word_1_45' title='bbox 355 969 549 1032; x_wconf 88' lang='lat' dir='ltr'><strong>progressus</strong></span> <span class='ocrx_word' id='word_1_46' title='bbox 574 958 687 1034; x_wconf 88' lang='lat' dir='ltr'><strong>aperto</strong></span> <span class='ocrx_word' id='word_1_47' title='bbox 711 970 752 1014; x_wconf 88' lang='lat' dir='ltr'><strong>ac</strong></span> <span class='ocrx_word' id='word_1_48' title='bbox 768 950 867 1035; x_wconf 90' lang='lat' dir='ltr'><strong>plano</strong></span> <span class='ocrx_word' id='word_1_49' title='bbox 890 949 987 1016; x_wconf 90' lang='lat' dir='ltr'><strong>litore</strong></span> <span class='ocrx_word' id='word_1_50' title='bbox 1010 972 1113 1016; x_wconf 85' lang='lat' dir='ltr'><strong>naves</strong></span> 
     </span>
     <span class='ocr_line' id='line_1_8' title="bbox 129 1050 307 1115; baseline 0.011 -3"><span class='ocrx_word' id='word_1_51' title='bbox 129 1050 307 1115; x_wconf 88' lang='lat' dir='ltr'><strong>constituit.</strong></span> 
     </span>
    </p>

    <p class='ocr_par' dir='ltr' id='par_1_4' title="bbox 103 1151 1113 2789">
     <span class='ocr_line' id='line_1_9' title="bbox 214 1151 1112 1242; baseline 0.01 -28"><span class='ocrx_word' id='word_1_52' title='bbox 214 1151 267 1217; x_wconf 81' lang='lat'><strong>24.</strong></span> <span class='ocrx_word' id='word_1_53' title='bbox 294 1153 340 1217; x_wconf 91' lang='lat' dir='ltr'><strong>At</strong></span> <span class='ocrx_word' id='word_1_54' title='bbox 361 1153 511 1236; x_wconf 88' lang='lat' dir='ltr'><strong>barbari,</strong></span> <span class='ocrx_word' id='word_1_55' title='bbox 545 1155 683 1222; x_wconf 91' lang='lat' dir='ltr'><strong>consilio</strong></span> <span class='ocrx_word' id='word_1_56' title='bbox 713 1156 937 1222; x_wconf 87' lang='lat' dir='ltr'><strong>Romanorum</strong></span> <span class='ocrx_word' id='word_1_57' title='bbox 966 1157 1112 1242; x_wconf 83' lang='lat' dir='ltr'><strong>cognitu,</strong></span> 
     </span>
     <span class='ocr_line' id='line_1_10' title="bbox 128 1257 1113 1347; baseline 0.007 -28"><span class='ocrx_word' id='word_1_58' title='bbox 128 1257 309 1340; x_wconf 87' lang='lat' dir='ltr'><strong>praemisso</strong></span> <span class='ocrx_word' id='word_1_59' title='bbox 345 1260 492 1344; x_wconf 88' lang='lat' dir='ltr'><strong>equitatu</strong></span> <span class='ocrx_word' id='word_1_60' title='bbox 525 1268 558 1323; x_wconf 91' lang='lat' dir='ltr'><strong>et</strong></span> <span class='ocrx_word' id='word_1_61' title='bbox 592 1259 784 1343; x_wconf 87' lang='lat' dir='ltr'><strong>essedariis,</strong></span> <span class='ocrx_word' id='word_1_62' title='bbox 821 1282 884 1346; x_wconf 93' lang='lat' dir='ltr'><strong>quo</strong></span> <span class='ocrx_word' id='word_1_63' title='bbox 919 1258 1113 1347; x_wconf 86' lang='lat' dir='ltr'><strong>plerumque</strong></span> 
     </span>
     <span class='ocr_line' id='line_1_11' title="bbox 128 1360 1112 1449; baseline 0.005 -27"><span class='ocrx_word' id='word_1_64' title='bbox 128 1381 246 1442; x_wconf 84' lang='lat' dir='ltr'><strong>genere</strong></span> <span class='ocrx_word' id='word_1_65' title='bbox 280 1362 313 1424; x_wconf 93' lang='lat' dir='ltr'><strong>in</strong></span> <span class='ocrx_word' id='word_1_66' title='bbox 347 1360 479 1446; x_wconf 87' lang='lat' dir='ltr'><strong>procliis</strong></span> <span class='ocrx_word' id='word_1_67' title='bbox 510 1363 559 1427; x_wconf 88' lang='lat' dir='ltr'><strong>uti</strong></span> <span class='ocrx_word' id='word_1_68' title='bbox 581 1371 801 1445; x_wconf 89' lang='lat' dir='ltr'><strong>consuerunt,</strong></span> <span class='ocrx_word' id='word_1_69' title='bbox 837 1362 971 1448; x_wconf 86' lang='lat' dir='ltr'><strong>reliquis</strong></span> <span class='ocrx_word' id='word_1_70' title='bbox 1004 1364 1112 1449; x_wconf 86' lang='lat' dir='ltr'><strong>copiis</strong></span> 
     </span>
     <span class='ocr_line' id='line_1_12' title="bbox 107 1461 1113 1551; baseline 0.004 -23"><span class='ocrx_word' id='word_1_71' title='bbox 107 1461 294 1528; x_wconf 84' lang='lat' dir='ltr'><strong>asubseeuti</strong></span> <span class='ocrx_word' id='word_1_72' title='bbox 318 1473 447 1529; x_wconf 89' lang='lat' dir='ltr'><strong>nostros</strong></span> <span class='ocrx_word' id='word_1_73' title='bbox 470 1464 610 1530; x_wconf 83' lang='lat' dir='ltr'><strong>navibus</strong></span> <span class='ocrx_word' id='word_1_74' title='bbox 635 1466 746 1549; x_wconf 87' lang='lat' dir='ltr'><strong>egredi</strong></span> <span class='ocrx_word' id='word_1_75' title='bbox 769 1463 1004 1551; x_wconf 85' lang='lat' dir='ltr'><strong>prohibebant.</strong></span> <span class='ocrx_word' id='word_1_76' title='bbox 1029 1467 1113 1532; x_wconf 83' lang='lat' dir='ltr'><strong>Erat</strong></span> 
     </span>
     <span class='ocr_line' id='line_1_13' title="bbox 128 1564 1113 1656; baseline 0.005 -28"><span class='ocrx_word' id='word_1_77' title='bbox 128 1564 170 1629; x_wconf 93' lang='lat' dir='ltr'><strong>ob</strong></span> <span class='ocrx_word' id='word_1_78' title='bbox 187 1565 246 1630; x_wconf 90' lang='lat' dir='ltr'><strong>has</strong></span> <span class='ocrx_word' id='word_1_79' title='bbox 263 1589 382 1632; x_wconf 88' lang='lat' dir='ltr'><strong>causas</strong></span> <span class='ocrx_word' id='word_1_80' title='bbox 407 1591 533 1634; x_wconf 88' lang='lat' dir='ltr'><strong>summa</strong></span> <span class='ocrx_word' id='word_1_81' title='bbox 549 1568 737 1651; x_wconf 87' lang='lat' dir='ltr'><strong>difficultas,</strong></span> <span class='ocrx_word' id='word_1_82' title='bbox 753 1570 841 1655; x_wconf 92' lang='lat' dir='ltr'><strong>quod</strong></span> <span class='ocrx_word' id='word_1_83' title='bbox 856 1590 958 1634; x_wconf 89' lang='lat' dir='ltr'><strong>naves</strong></span> <span class='ocrx_word' id='word_1_84' title='bbox 976 1580 1113 1656; x_wconf 87' lang='lat' dir='ltr'><strong>propter</strong></span> 
     </span>
     <span class='ocr_line' id='line_1_14' title="bbox 127 1670 1111 1758; baseline 0.005 -25"><span class='ocrx_word' id='word_1_85' title='bbox 127 1670 384 1754; x_wconf 84' lang='lat' dir='ltr'><strong>magnitudinem</strong></span> <span class='ocrx_word' id='word_1_86' title='bbox 411 1674 475 1738; x_wconf 90' lang='lat' dir='ltr'><strong>nisi</strong></span> <span class='ocrx_word' id='word_1_87' title='bbox 503 1675 536 1738; x_wconf 92' lang='lat' dir='ltr'><strong>in</strong></span> <span class='ocrx_word' id='word_1_88' title='bbox 566 1673 632 1739; x_wconf 90' lang='lat' dir='ltr'><strong>alto</strong></span> <span class='ocrx_word' id='word_1_89' title='bbox 662 1674 817 1739; x_wconf 88' lang='lat' dir='ltr'><strong>constitui</strong></span> <span class='ocrx_word' id='word_1_90' title='bbox 845 1695 912 1738; x_wconf 91' lang='lat' dir='ltr'><strong>non</strong></span> <span class='ocrx_word' id='word_1_91' title='bbox 944 1681 1111 1758; x_wconf 82' lang='lat' dir='ltr'><strong>poterant,</strong></span> 
     </span>
     <span class='ocr_line' id='line_1_15' title="bbox 127 1774 1113 1861; baseline 0.001 -22"><span class='ocrx_word' id='word_1_92' title='bbox 127 1774 283 1839; x_wconf 88' lang='lat' dir='ltr'><strong>militibus</strong></span> <span class='ocrx_word' id='word_1_93' title='bbox 319 1785 427 1841; x_wconf 89' lang='lat' dir='ltr'><strong>autem</strong></span> <span class='ocrx_word' id='word_1_94' title='bbox 464 1779 584 1860; x_wconf 89' lang='lat' dir='ltr'><strong>ignotis</strong></span> <span class='ocrx_word' id='word_1_95' title='bbox 619 1777 716 1860; x_wconf 89' lang='lat' dir='ltr'><strong>locis,</strong></span> <span class='ocrx_word' id='word_1_96' title='bbox 751 1776 916 1861; x_wconf 88' lang='lat' dir='ltr'><strong>impeditis</strong></span> <span class='ocrx_word' id='word_1_97' title='bbox 945 1776 1113 1858; x_wconf 89' lang='lat' dir='ltr'><strong>manibus,</strong></span> 
     </span>
     <span class='ocr_line' id='line_1_16' title="bbox 126 1879 1113 1966; baseline 0.001 -24"><span class='ocrx_word' id='word_1_98' title='bbox 126 1900 246 1961; x_wconf 87' lang='lat' dir='ltr'><strong>magno</strong></span> <span class='ocrx_word' id='word_1_99' title='bbox 275 1889 307 1943; x_wconf 92' lang='lat' dir='ltr'><strong>et</strong></span> <span class='ocrx_word' id='word_1_100' title='bbox 329 1882 420 1963; x_wconf 88' lang='lat' dir='ltr'><strong>gravi</strong></span> <span class='ocrx_word' id='word_1_101' title='bbox 453 1903 550 1946; x_wconf 92' lang='lat' dir='ltr'><strong>onere</strong></span> <span class='ocrx_word' id='word_1_102' title='bbox 573 1902 737 1945; x_wconf 88' lang='lat' dir='ltr'><strong>armorum</strong></span> <span class='ocrx_word' id='word_1_103' title='bbox 760 1880 927 1966; x_wconf 88' lang='lat' dir='ltr'><strong>oppressis</strong></span> <span class='ocrx_word' id='word_1_104' title='bbox 958 1879 1113 1945; x_wconf 83' lang='lat' dir='ltr'><strong>simulet</strong></span> 
     </span>
     <span class='ocr_line' id='line_1_17' title="bbox 127 1980 1113 2050; baseline 0.004 -5"><span class='ocrx_word' id='word_1_105' title='bbox 127 1980 168 2045; x_wconf 92' lang='lat' dir='ltr'><strong>de</strong></span> <span class='ocrx_word' id='word_1_106' title='bbox 186 1981 329 2047; x_wconf 90' lang='lat' dir='ltr'><strong>navibus</strong></span> <span class='ocrx_word' id='word_1_107' title='bbox 346 1983 561 2048; x_wconf 90' lang='lat' dir='ltr'><strong>desiliendum</strong></span> <span class='ocrx_word' id='word_1_108' title='bbox 586 1995 619 2050; x_wconf 88' lang='lat' dir='ltr'><strong>et</strong></span> <span class='ocrx_word' id='word_1_109' title='bbox 641 1987 674 2048; x_wconf 92' lang='lat' dir='ltr'><strong>in</strong></span> <span class='ocrx_word' id='word_1_110' title='bbox 689 1983 843 2050; x_wconf 88' lang='lat' dir='ltr'><strong>fluctibus</strong></span> <span class='ocrx_word' id='word_1_111' title='bbox 864 1981 1113 2048; x_wconf 88' lang='lat' dir='ltr'><strong>consistendum</strong></span> 
     </span>
     <span class='ocr_line' id='line_1_18' title="bbox 105 2083 1112 2172; baseline 0.004 -24"><span class='ocrx_word' id='word_1_112' title='bbox 105 2093 159 2148; x_wconf 85' lang='lat' dir='ltr'><strong>aet</strong></span> <span class='ocrx_word' id='word_1_113' title='bbox 182 2107 255 2149; x_wconf 91' lang='lat' dir='ltr'><strong>eum</strong></span> <span class='ocrx_word' id='word_1_114' title='bbox 285 2085 436 2150; x_wconf 86' lang='lat' dir='ltr'><strong>hostibus</strong></span> <span class='ocrx_word' id='word_1_115' title='bbox 466 2095 537 2150; x_wconf 91' lang='lat' dir='ltr'><strong>erat</strong></span> <span class='ocrx_word' id='word_1_116' title='bbox 565 2087 788 2172; x_wconf 84' lang='lat' dir='ltr'><strong>pugnandum,</strong></span> <span class='ocrx_word' id='word_1_117' title='bbox 818 2108 893 2150; x_wconf 94' lang='lat' dir='ltr'><strong>cum</strong></span> <span class='ocrx_word' id='word_1_118' title='bbox 915 2083 962 2150; x_wconf 92' lang='lat' dir='ltr'><strong>illi</strong></span> <span class='ocrx_word' id='word_1_119' title='bbox 986 2096 1049 2152; x_wconf 85' lang='lat' dir='ltr'><strong>aut</strong></span> <span class='ocrx_word' id='word_1_120' title='bbox 1071 2110 1112 2152; x_wconf 85' lang='lat' dir='ltr'><strong>ex</strong></span> 
     </span>
     <span class='ocr_line' id='line_1_19' title="bbox 126 2186 1111 2276; baseline 0.003 -23"><span class='ocrx_word' id='word_1_121' title='bbox 126 2186 218 2253; x_wconf 90' lang='lat' dir='ltr'><strong>arido</strong></span> <span class='ocrx_word' id='word_1_122' title='bbox 256 2200 313 2255; x_wconf 90' lang='lat' dir='ltr'><strong>aut</strong></span> <span class='ocrx_word' id='word_1_123' title='bbox 350 2189 484 2275; x_wconf 90' lang='lat' dir='ltr'><strong>paulum</strong></span> <span class='ocrx_word' id='word_1_124' title='bbox 522 2192 554 2253; x_wconf 92' lang='lat' dir='ltr'><strong>in</strong></span> <span class='ocrx_word' id='word_1_125' title='bbox 593 2211 713 2276; x_wconf 90' lang='lat' dir='ltr'><strong>aquam</strong></span> <span class='ocrx_word' id='word_1_126' title='bbox 751 2189 917 2274; x_wconf 88' lang='lat' dir='ltr'><strong>progressi</strong></span> <span class='ocrx_word' id='word_1_127' title='bbox 956 2189 1111 2256; x_wconf 86' lang='lat' dir='ltr'><strong>omnibus</strong></span> 
     </span>
     <span class='ocr_line' id='line_1_20' title="bbox 126 2290 1111 2378; baseline 0.004 -23"><span class='ocrx_word' id='word_1_128' title='bbox 126 2290 280 2356; x_wconf 92' lang='lat' dir='ltr'><strong>membris</strong></span> <span class='ocrx_word' id='word_1_129' title='bbox 315 2293 497 2378; x_wconf 73' lang='lat' dir='ltr'><strong>expeditis,</strong></span> <span class='ocrx_word' id='word_1_130' title='bbox 534 2293 713 2356; x_wconf 88' lang='lat' dir='ltr'><strong>notissimis</strong></span> <span class='ocrx_word' id='word_1_131' title='bbox 740 2291 823 2357; x_wconf 91' lang='lat' dir='ltr'><strong>locis</strong></span> <span class='ocrx_word' id='word_1_132' title='bbox 853 2290 1015 2357; x_wconf 78' lang='lat' dir='ltr'><strong>audacter</strong></span> <span class='ocrx_word' id='word_1_133' title='bbox 1045 2294 1111 2359; x_wconf 87' lang='lat' dir='ltr'><strong>tela</strong></span> 
     </span>
     <span class='ocr_line' id='line_1_21' title="bbox 103 2392 1110 2482; baseline 0.002 -22"><span class='ocrx_word' id='word_1_134' title='bbox 103 2395 313 2460; x_wconf 72' lang='lat' dir='ltr'><strong>«conicerent</strong></span> <span class='ocrx_word' id='word_1_135' title='bbox 342 2408 374 2460; x_wconf 92' lang='lat' dir='ltr'><strong>et</strong></span> <span class='ocrx_word' id='word_1_136' title='bbox 396 2418 498 2482; x_wconf 90' lang='lat' dir='ltr'><strong>equos</strong></span> <span class='ocrx_word' id='word_1_137' title='bbox 521 2395 723 2460; x_wconf 89' lang='lat' dir='ltr'><strong>insuefactos</strong></span> <span class='ocrx_word' id='word_1_138' title='bbox 751 2394 933 2459; x_wconf 89' lang='lat' dir='ltr'><strong>incitarent.</strong></span> <span class='ocrx_word' id='word_1_139' title='bbox 980 2392 1110 2477; x_wconf 75' lang='lat' dir='ltr'><strong>Quibus</strong></span> 
     </span>
     <span class='ocr_line' id='line_1_22' title="bbox 124 2497 1110 2583; baseline 0.001 -21"><span class='ocrx_word' id='word_1_140' title='bbox 124 2498 221 2563; x_wconf 87' lang='lat' dir='ltr'><strong>rebus</strong></span> <span class='ocrx_word' id='word_1_141' title='bbox 244 2500 348 2563; x_wconf 89' lang='lat' dir='ltr'><strong>nostri</strong></span> <span class='ocrx_word' id='word_1_142' title='bbox 377 2499 538 2583; x_wconf 90' lang='lat' dir='ltr'><strong>perterriti</strong></span> <span class='ocrx_word' id='word_1_143' title='bbox 570 2507 668 2583; x_wconf 89' lang='lat' dir='ltr'><strong>atque</strong></span> <span class='ocrx_word' id='word_1_144' title='bbox 690 2498 786 2563; x_wconf 89' lang='lat' dir='ltr'><strong>huius</strong></span> <span class='ocrx_word' id='word_1_145' title='bbox 811 2497 941 2562; x_wconf 89' lang='lat' dir='ltr'><strong>omnino</strong></span> <span class='ocrx_word' id='word_1_146' title='bbox 977 2499 1110 2581; x_wconf 86' lang='lat' dir='ltr'><strong>generis</strong></span> 
     </span>
     <span class='ocr_line' id='line_1_23' title="bbox 125 2599 1110 2689; baseline 0.004 -24"><span class='ocrx_word' id='word_1_147' title='bbox 125 2622 255 2686; x_wconf 86' lang='lat' dir='ltr'><strong>pugnae</strong></span> <span class='ocrx_word' id='word_1_148' title='bbox 278 2603 418 2686; x_wconf 87' lang='lat' dir='ltr'><strong>imperiti</strong></span> <span class='ocrx_word' id='word_1_149' title='bbox 434 2624 501 2666; x_wconf 92' lang='lat' dir='ltr'><strong>nou</strong></span> <span class='ocrx_word' id='word_1_150' title='bbox 524 2601 638 2666; x_wconf 90' lang='lat' dir='ltr'><strong>eadem</strong></span> <span class='ocrx_word' id='word_1_151' title='bbox 658 2601 829 2666; x_wconf 88' lang='lat' dir='ltr'><strong>alacritate</strong></span> <span class='ocrx_word' id='word_1_152' title='bbox 845 2623 885 2665; x_wconf 91' lang='lat' dir='ltr'><strong>ac</strong></span> <span class='ocrx_word' id='word_1_153' title='bbox 905 2599 1028 2676; x_wconf 87' lang='lat' dir='ltr'><strong>studio,</strong></span> <span class='ocrx_word' id='word_1_154' title='bbox 1045 2624 1110 2689; x_wconf 87' lang='lat' dir='ltr'><strong>quo</strong></span> 
     </span>
     <span class='ocr_line' id='line_1_24' title="bbox 125 2702 1109 2789; baseline 0 -21"><span class='ocrx_word' id='word_1_155' title='bbox 125 2708 158 2768; x_wconf 93' lang='lat' dir='ltr'><strong>in</strong></span> <span class='ocrx_word' id='word_1_156' title='bbox 189 2704 394 2788; x_wconf 89' lang='lat' dir='ltr'><strong>pedestribus</strong></span> <span class='ocrx_word' id='word_1_157' title='bbox 424 2707 470 2769; x_wconf 92' lang='lat' dir='ltr'><strong>uti</strong></span> <span class='ocrx_word' id='word_1_158' title='bbox 499 2704 631 2789; x_wconf 91' lang='lat' dir='ltr'><strong>proeliis</strong></span> <span class='ocrx_word' id='word_1_159' title='bbox 664 2712 876 2787; x_wconf 89' lang='lat' dir='ltr'><strong>consuerant,</strong></span> <span class='ocrx_word' id='word_1_160' title='bbox 907 2702 1109 2771; x_wconf 89' lang='lat' dir='ltr'><strong>nitebantur.</strong></span> 
     </span>
    </p>

    <p class='ocr_par' dir='ltr' id='par_1_5' title="bbox 102 2804 1109 3614">
     <span class='ocr_line' id='line_1_25' title="bbox 210 2804 1108 2893; baseline 0.008 -26"><span class='ocrx_word' id='word_1_161' title='bbox 210 2804 262 2871; x_wconf 77' lang='lat'><strong>25.</strong></span> <span class='ocrx_word' id='word_1_162' title='bbox 287 2806 386 2888; x_wconf 77' lang='lat' dir='ltr'><strong>Quod</strong></span> <span class='ocrx_word' id='word_1_163' title='bbox 401 2807 456 2871; x_wconf 95' lang='lat' dir='ltr'><strong>ubi</strong></span> <span class='ocrx_word' id='word_1_164' title='bbox 471 2805 593 2871; x_wconf 80' lang='lat' dir='ltr'><strong>Caesar</strong></span> <span class='ocrx_word' id='word_1_165' title='bbox 606 2805 848 2887; x_wconf 87' lang='lat' dir='ltr'><strong>animadvertit,</strong></span> <span class='ocrx_word' id='word_1_166' title='bbox 860 2828 964 2871; x_wconf 84' lang='lat' dir='ltr'><strong>naves</strong></span> <span class='ocrx_word' id='word_1_167' title='bbox 976 2806 1108 2893; x_wconf 83' lang='lat' dir='ltr'><strong>longas,</strong></span> 
     </span>
     <span class='ocr_line' id='line_1_26' title="bbox 125 2908 1109 2996; baseline 0.002 -21"><span class='ocrx_word' id='word_1_168' title='bbox 125 2932 261 2994; x_wconf 90' lang='lat' dir='ltr'><strong>quarum</strong></span> <span class='ocrx_word' id='word_1_169' title='bbox 284 2919 317 2973; x_wconf 89' lang='lat' dir='ltr'><strong>et</strong></span> <span class='ocrx_word' id='word_1_170' title='bbox 339 2912 465 2996; x_wconf 88' lang='lat' dir='ltr'><strong>species</strong></span> <span class='ocrx_word' id='word_1_171' title='bbox 489 2919 560 2974; x_wconf 92' lang='lat' dir='ltr'><strong>erat</strong></span> <span class='ocrx_word' id='word_1_172' title='bbox 574 2908 724 2974; x_wconf 88' lang='lat' dir='ltr'><strong>barbaris</strong></span> <span class='ocrx_word' id='word_1_173' title='bbox 741 2910 927 2975; x_wconf 90' lang='lat' dir='ltr'><strong>inusitatior</strong></span> <span class='ocrx_word' id='word_1_174' title='bbox 949 2918 984 2974; x_wconf 89' lang='lat' dir='ltr'><strong>et</strong></span> <span class='ocrx_word' id='word_1_175' title='bbox 998 2921 1109 2977; x_wconf 90' lang='lat' dir='ltr'><strong>motus</strong></span> 
     </span>
     <span class='ocr_line' id='line_1_27' title="bbox 124 3011 1109 3099; baseline 0 -21"><span class='ocrx_word' id='word_1_176' title='bbox 124 3013 167 3078; x_wconf 90' lang='lat' dir='ltr'><strong>ad</strong></span> <span class='ocrx_word' id='word_1_177' title='bbox 190 3036 284 3078; x_wconf 88' lang='lat' dir='ltr'><strong>usum</strong></span> <span class='ocrx_word' id='word_1_178' title='bbox 308 3013 509 3099; x_wconf 84' lang='lat' dir='ltr'><strong>expeditior,</strong></span> <span class='ocrx_word' id='word_1_179' title='bbox 532 3012 673 3099; x_wconf 78' lang='lat' dir='ltr'><strong>‘paulum</strong></span> <span class='ocrx_word' id='word_1_180' title='bbox 695 3014 856 3078; x_wconf 87' lang='lat' dir='ltr'><strong>removeri</strong></span> <span class='ocrx_word' id='word_1_181' title='bbox 879 3011 923 3077; x_wconf 93' lang='lat' dir='ltr'><strong>ab</strong></span> <span class='ocrx_word' id='word_1_182' title='bbox 947 3013 1109 3080; x_wconf 88' lang='lat' dir='ltr'><strong>onerariis</strong></span> 
     </span>
     <span class='ocr_line' id='line_1_28' title="bbox 123 3116 1108 3200; baseline 0.003 -20"><span class='ocrx_word' id='word_1_183' title='bbox 123 3116 262 3181; x_wconf 86' lang='lat' dir='ltr'><strong>navibus</strong></span> <span class='ocrx_word' id='word_1_184' title='bbox 291 3125 324 3181; x_wconf 93' lang='lat' dir='ltr'><strong>et</strong></span> <span class='ocrx_word' id='word_1_185' title='bbox 352 3118 450 3181; x_wconf 88' lang='lat' dir='ltr'><strong>remis</strong></span> <span class='ocrx_word' id='word_1_186' title='bbox 473 3118 602 3180; x_wconf 86' lang='lat' dir='ltr'><strong>incitari</strong></span> <span class='ocrx_word' id='word_1_187' title='bbox 632 3125 664 3180; x_wconf 91' lang='lat' dir='ltr'><strong>et</strong></span> <span class='ocrx_word' id='word_1_188' title='bbox 692 3116 735 3182; x_wconf 92' lang='lat' dir='ltr'><strong>ad</strong></span> <span class='ocrx_word' id='word_1_189' title='bbox 766 3116 852 3182; x_wconf 91' lang='lat' dir='ltr'><strong>latus</strong></span> <span class='ocrx_word' id='word_1_190' title='bbox 876 3125 1029 3200; x_wconf 87' lang='lat' dir='ltr'><strong>apertum</strong></span> <span class='ocrx_word' id='word_1_191' title='bbox 1051 3116 1108 3183; x_wconf 89' lang='lat' dir='ltr'><strong>ho·</strong></span> 
     </span>
     <span class='ocr_line' id='line_1_29' title="bbox 124 3217 1109 3304; baseline 0.001 -22"><span class='ocrx_word' id='word_1_192' title='bbox 124 3221 221 3283; x_wconf 85' lang='lat' dir='ltr'><strong>stium</strong></span> <span class='ocrx_word' id='word_1_193' title='bbox 245 3221 399 3285; x_wconf 88' lang='lat' dir='ltr'><strong>constitui</strong></span> <span class='ocrx_word' id='word_1_194' title='bbox 423 3229 522 3304; x_wconf 90' lang='lat' dir='ltr'><strong>atque</strong></span> <span class='ocrx_word' id='word_1_195' title='bbox 545 3217 620 3282; x_wconf 89' lang='lat' dir='ltr'><strong>inde</strong></span> <span class='ocrx_word' id='word_1_196' title='bbox 644 3217 763 3295; x_wconf 87' lang='lat' dir='ltr'><strong>fundis,</strong></span> <span class='ocrx_word' id='word_1_197' title='bbox 780 3219 919 3302; x_wconf 88' lang='lat' dir='ltr'><strong>sagittis,</strong></span> <span class='ocrx_word' id='word_1_198' title='bbox 935 3221 1109 3286; x_wconf 88' lang='lat' dir='ltr'><strong>tormentis</strong></span> 
     </span>
     <span class='ocr_line' id='line_1_30' title="bbox 123 3321 1106 3408; baseline 0.003 -22"><span class='ocrx_word' id='word_1_199' title='bbox 123 3323 235 3388; x_wconf 88' lang='lat' dir='ltr'><strong>hostes</strong></span> <span class='ocrx_word' id='word_1_200' title='bbox 259 3321 397 3408; x_wconf 92' lang='lat' dir='ltr'><strong>propelli</strong></span> <span class='ocrx_word' id='word_1_201' title='bbox 421 3345 460 3386; x_wconf 86' lang='lat' dir='ltr'><strong>ac</strong></span> <span class='ocrx_word' id='word_1_202' title='bbox 478 3321 664 3387; x_wconf 90' lang='lat' dir='ltr'><strong>submoveri</strong></span> <span class='ocrx_word' id='word_1_203' title='bbox 680 3321 792 3405; x_wconf 65' lang='lat' dir='ltr'><strong>iussit,</strong></span> <span class='ocrx_word' id='word_1_204' title='bbox 816 3343 968 3407; x_wconf 88' lang='lat' dir='ltr'><strong>quaeres</strong></span> <span class='ocrx_word' id='word_1_205' title='bbox 984 3344 1106 3408; x_wconf 83' lang='lat' dir='ltr'><strong>magno</strong></span> 
     </span>
     <span class='ocr_line' id='line_1_31' title="bbox 102 3424 1108 3510; baseline 0.003 -20"><span class='ocrx_word' id='word_1_206' title='bbox 102 3429 196 3491; x_wconf 82' lang='lat' dir='ltr'><strong>ausui</strong></span> <span class='ocrx_word' id='word_1_207' title='bbox 220 3429 341 3491; x_wconf 88' lang='lat' dir='ltr'><strong>nostris</strong></span> <span class='ocrx_word' id='word_1_208' title='bbox 363 3425 434 3491; x_wconf 88' lang='lat' dir='ltr'><strong>fuit.</strong></span> <span class='ocrx_word' id='word_1_209' title='bbox 479 3425 564 3490; x_wconf 89' lang='lat' dir='ltr'><strong>Nam</strong></span> <span class='ocrx_word' id='word_1_210' title='bbox 588 3435 621 3490; x_wconf 91' lang='lat' dir='ltr'><strong>et</strong></span> <span class='ocrx_word' id='word_1_211' title='bbox 648 3426 782 3489; x_wconf 88' lang='lat' dir='ltr'><strong>navium</strong></span> <span class='ocrx_word' id='word_1_212' title='bbox 812 3424 918 3510; x_wconf 86' lang='lat' dir='ltr'><strong>figura</strong></span> <span class='ocrx_word' id='word_1_213' title='bbox 946 3434 980 3489; x_wconf 89' lang='lat' dir='ltr'><strong>et</strong></span> <span class='ocrx_word' id='word_1_214' title='bbox 1001 3448 1108 3493; x_wconf 91' lang='lat' dir='ltr'><strong>remo·</strong></span> 
     </span>
     <span class='ocr_line' id='line_1_32' title="bbox 123 3529 1109 3614; baseline 0.001 -19"><span class='ocrx_word' id='word_1_215' title='bbox 123 3553 194 3595; x_wconf 91' lang='lat' dir='ltr'><strong>rum</strong></span> <span class='ocrx_word' id='word_1_216' title='bbox 217 3538 310 3595; x_wconf 89' lang='lat' dir='ltr'><strong>motu</strong></span> <span class='ocrx_word' id='word_1_217' title='bbox 333 3537 365 3593; x_wconf 91' lang='lat' dir='ltr'><strong>et</strong></span> <span class='ocrx_word' id='word_1_218' title='bbox 388 3529 545 3595; x_wconf 89' lang='lat' dir='ltr'><strong>inusitato</strong></span> <span class='ocrx_word' id='word_1_219' title='bbox 569 3549 688 3614; x_wconf 85' lang='lat' dir='ltr'><strong>genere</strong></span> <span class='ocrx_word' id='word_1_220' title='bbox 712 3535 947 3594; x_wconf 89' lang='lat' dir='ltr'><strong>tormentorum</strong></span> <span class='ocrx_word' id='word_1_221' title='bbox 965 3531 1109 3614; x_wconf 89' lang='lat' dir='ltr'><strong>permoti</strong></span> 
     </span>
    </p>
   </div>
   <div class='ocr_carea' id='block_1_4' title="bbox 0 0 1220 4028">
    <p class='ocr_par' dir='ltr' id='par_1_6' title="bbox 0 0 1220 4028">
     <span class='ocr_line' id='line_1_33' title="bbox 0 0 1220 4028; baseline 0 1"><span class='ocrx_word' id='word_1_222' title='bbox 0 0 1220 4028; x_wconf 95' lang='lat' dir='ltr'><strong> </strong></span> 
     </span>
    </p>
   </div>
  </div>
 </body>
</html>
