2430 4028
185 257 250 321 222
496 260 545 308 nn
563 259 683 309 uncio
704 256 863 310 (recurso

270 447 320 510 79.
350 449 479 512 Interea
509 446 676 512 Commius
704 449 884 535 reliquique
907 448 1017 523 duces,
1047 448 1168 534 quibus

184 573 311 615 summa
338 554 465 638 imperii
488 553 650 636 permissa
672 564 758 634 erat,
789 576 864 618 cum
887 551 1038 618 omnibus
1062 554 1168 638 copiis

184 655 228 719 ad
250 655 397 721 Alesiam
419 662 613 743 perveniunt
643 672 677 725 et
705 658 790 724 colle
812 658 974 722 exteriore
1003 666 1168 742 occupato

183 780 249 822 non
273 760 401 844 longius
424 762 511 827 mille
533 763 688 848 passibus
718 761 759 826 ab
782 762 905 825 nostris
928 757 1167 823 munitionibus

162 863 369 928 aconsidunt.
414 865 549 931 Postero
579 867 632 932 die
656 868 804 950 equitatu
836 887 878 928 ex
902 864 1021 927 castris
1045 862 1166 927 educto

186 988 312 1031 omnem
342 991 415 1033 eam
439 969 630 1054 planiciem,
666 991 762 1055 quam
787 971 821 1032 iu
843 965 1084 1050 longitudinem
1107 967 1169 1029 tria

183 1069 274 1133 milia
307 1091 464 1154 passuum
497 1082 611 1158 patere
645 1071 967 1151 demonstravimus,
1001 1067 1170 1154 complent

184 1173 417 1260 pedestresque
441 1178 555 1261 copias
584 1175 719 1261 paulum
742 1173 785 1238 ab
815 1193 854 1237 eo
882 1172 957 1237 loco
978 1169 1115 1235 abditas
1137 1173 1169 1234 iu

162 1276 265 1341 slocis
283 1278 505 1362 superioribus
522 1282 737 1344 constituunt.
760 1278 844 1342 Erat
857 1299 901 1341 ex
917 1273 1041 1361 oppido
1055 1273 1169 1339 Alesia

184 1379 358 1464 despectus
381 1384 414 1447 iu
430 1405 593 1468 campum.
618 1382 824 1447 Concurrunt
846 1381 898 1445 his
920 1378 1056 1444 auxiliis
1071 1381 1169 1455 visis3

184 1482 221 1546 fit
251 1484 427 1566 gratulatio
465 1488 550 1550 iuter
577 1507 644 1568 eos,
680 1495 779 1569 atque
814 1485 958 1549 omnium
990 1482 1094 1546 animi
1127 1479 1169 1544 ad

162 1585 342 1651 slaetitiam
371 1590 567 1653 excitantur.
612 1588 727 1672 Itaque
758 1585 927 1672 productis
955 1585 1064 1670 copiis
1095 1595 1170 1650 ante

186 1689 343 1772 oppidum
376 1691 552 1757 considunt
586 1701 620 1756 et
651 1691 837 1776 proximam
865 1690 992 1753 fossam
1020 1686 1169 1753 cratibus

184 1794 334 1877 integunt
356 1804 455 1880 atque
478 1817 599 1879 aggere
614 1793 749 1879 explent
772 1815 872 1880 seque
895 1791 1169 1877 ademptionem

185 1906 282 1979 atque
307 1919 419 1962 omues
443 1920 540 1962 casus
563 1907 768 1982 comparant.

270 1998 321 2062 80.
344 1998 470 2065 Caesar
493 2004 578 2065 omni
603 2004 749 2066 exercitu
780 2000 823 2065 ad
845 2008 1018 2084 utramque
1040 2009 1169 2085 partem

184 2107 400 2169 munitionum
416 2105 588 2189 disposito,
612 2116 658 2182 ut,
682 2107 709 2168 si
734 2124 811 2167 usus
826 2104 949 2183 veniat,
965 2124 1063 2167 suum
1081 2106 1168 2189 quis·

186 2230 248 2293 que
276 2208 385 2272 locum
413 2218 524 2273 teneat
546 2218 578 2272 et
600 2209 747 2281 noverit,
781 2207 962 2291 equitatum
986 2227 1030 2270 ex
1052 2207 1169 2271 castris

164 2310 281 2375 seduci
305 2320 337 2375 et
354 2311 514 2394 proelium
539 2314 700 2376 committi
722 2309 824 2375 iubet.
846 2309 931 2375 Erat
952 2331 996 2373 ex
1019 2308 1169 2375 omnibus
1206 2310 1209 2387 j

187 2417 328 2496 castris,
363 2437 447 2501 quae
481 2437 641 2480 summum
675 2415 819 2500 undique
853 2415 965 2498 iugum
999 2414 1167 2495 tenebam,
1206 2458 1209 2487 2

187 2519 378 2603 despectus,
403 2529 501 2605 atque
526 2541 637 2583 omues
660 2518 779 2583 milites
802 2519 918 2581 intenti
940 2538 1076 2601 pugnae
1097 2539 1168 2604 pro·

164 2633 319 2688 eventum
348 2622 599 2708 exspectabant.
624 2621 713 2687 Galli
736 2623 822 2685 inter
843 2621 970 2706 equites
1000 2643 1098 2687 raros
1120 2642 1169 2685 sa·
1206 2616 1209 2621 ’

186 2730 337 2809 gittarios
361 2726 597 2811 expeditosque
619 2725 700 2790 levis
716 2734 902 2789 armaturae
923 2723 1167 2806 interiecerant,

186 2833 240 2916 qui
257 2831 324 2895 suis
340 2830 532 2895 cedentibus
548 2829 672 2894 auxilio
690 2836 919 2894 succurrerent
932 2835 967 2892 ot
980 2836 1168 2893 nostrorum

186 2936 331 3017 equitum
354 2937 494 3018 impetus
518 2935 726 2997 sustinerent.
765 2930 818 2996 Ab
841 2930 892 2996 bis
915 2929 1106 3016 complures
1127 2927 1166 2993 de

163 3038 364 3121 rimprcviso
389 3036 550 3101 vulnerati
573 3035 698 3120 proelio
723 3033 939 3100 excedebant
984 3031 1070 3099 (lum
1094 3054 1167 3099 suos

186 3162 298 3225 pugna
321 3140 504 3224 superiores
533 3161 605 3203 esse
629 3137 719 3202 Galli
747 3136 952 3202 confiderent
979 3146 1014 3202 et
1035 3147 1167 3203 nostroe

186 3243 394 3308 multitudine
416 3245 521 3327 premi
539 3241 697 3324 viderent,
721 3263 763 3304 ex
787 3239 939 3305 omnibus
960 3241 1116 3326 partibus
1136 3248 1168 3303 et

184 3347 219 3426 ii,
255 3349 308 3432 qui
342 3344 575 3411 munitionibus
609 3343 876 3426 continebantur,
910 3343 1014 3425 ethi,
1042 3346 1101 3432 qui
1127 3340 1167 3409 od

186 3449 344 3515 auxilium
378 3460 616 3527 couvenerant,
645 3449 790 3513 clamore
820 3458 854 3512 et
883 3445 1012 3511 ululatu
1034 3468 1167 3516 auorum

164 3556 313 3620 sanimos
336 3553 584 3620 confirmabant.
629 3552 728 3633 Quod
754 3554 788 3617 in
811 3561 992 3637 conspectu
1021 3554 1166 3619 omnium
