2430 4028
126 275 188 339 140
433 277 482 324 DE
500 275 622 325 BELLO
642 274 801 325 GALLICO

124 466 269 548 cognita,
295 487 392 550 quam
422 467 454 528 in
484 465 623 530 concilio
648 463 818 539 habuerat,
851 465 988 529 nuntios
1012 466 1105 530 mittit

125 567 167 632 ad
197 567 354 632 finitimas
385 568 536 633 civitates
567 568 759 655 equitesque
794 567 939 655 unquue
974 579 1104 635 evocat:

102 670 175 734 shis
198 681 323 735 certum
352 670 437 736 diem
468 670 684 736 conveniendi
713 671 801 736 dicit.
845 671 984 737 Interim
1006 693 1105 759 prope

127 774 247 839 cotidie
264 797 337 839 cum
362 778 448 840 omni
474 777 620 861 equitatu
643 775 886 840 Indutiomarus
910 775 973 840 sub
990 777 1105 840 castris

125 879 195 942 eius
218 877 418 962 vagabatur,
453 878 537 944 alias
570 889 607 944 ut
642 881 739 944 situm
773 889 959 944 castrorum
989 901 1106 964 cogno·

124 991 249 1063 sceret,
290 981 373 1047 alias
418 982 627 1069 colloquendi
670 981 733 1048 aut'
768 984 941 1050 territandi
986 1006 1101 1065 causa3

124 1087 249 1171 equites
282 1086 472 1171 plerumque
507 1109 619 1152 omnes
652 1087 719 1152 tela
752 1088 837 1152 intra
864 1085 992 1154 vallum
1022 1090 1104 1154 coni·

101 1189 265 1254 sciebant.
290 1190 457 1256 Labienus
483 1213 559 1256 suos
582 1193 669 1256 intra
684 1193 898 1256 munitionem
914 1191 1104 1258 continebat

125 1295 314 1380 timorisque
338 1296 534 1379 opinionem,
559 1293 818 1380 quibuscumque
840 1303 976 1380 poterat
998 1294 1102 1375 rebus,

125 1396 278 1480 augebat.

209 1501 261 1566 58.
294 1502 376 1567 Cum
399 1505 522 1567 maiore
545 1504 577 1566 in
602 1503 672 1568 dies
696 1502 940 1588 contemptione
964 1501 1105 1568 Indutio-

125 1628 234 1670 marus
264 1607 307 1671 ad
339 1616 450 1670 castra
479 1607 662 1688 accederet,
691 1615 789 1672 nocte
817 1627 883 1670 una
914 1607 1105 1672 intromissis

126 1709 288 1793 equitibus
306 1713 448 1775 omnIum
464 1710 674 1775 finitimarum
694 1711 875 1786 civitatum,
893 1730 979 1794 quos
1002 1731 1103 1775 arces-

126 1812 246 1877 sendos
269 1823 452 1891 curaverat,
469 1823 562 1879 tanta
578 1813 749 1898 diligentia
766 1834 878 1878 omnes
902 1835 984 1877 suos
1000 1821 1102 1877 custo·

125 1914 187 1979 diis
209 1918 296 1980 intra
325 1926 435 1982 castra
458 1917 633 1998 continuit,
662 1926 699 1981 ut
728 1916 819 1981 nulla
840 1917 972 1981 ratione
996 1941 1037 1983 ea
1057 1939 1105 1981 res

102 2020 286 2083 renuntiari
310 2030 366 2083 aut
390 2020 433 2084 ad
455 2021 617 2085 Treveros
646 2019 781 2105 perferri
805 2028 929 2105 posset.
975 2021 1105 2086 Interim

125 2144 168 2185 ex
191 2123 426 2188 cousuetudine
456 2123 624 2189 cotidiana
653 2124 897 2189 Indutiomarus
928 2122 973 2189 ad
1002 2134 1106 2189 eastra

125 2225 264 2303 accedit
288 2237 387 2312 atque
421 2226 466 2290 ibi
489 2248 643 2311 magnam
675 2236 802 2312 partem
832 2226 897 2291 diei
928 2228 1106 2306 consumit3

125 2333 250 2416 equites
285 2330 350 2395 tela
383 2333 551 2396 coniciunt
583 2341 615 2394 et
648 2352 768 2414 magna
802 2351 877 2395 eum
910 2329 1105 2396 contumelia

103 2433 299 2500 averborum
329 2445 460 2499 nostros
491 2435 535 2499 ad
562 2456 708 2519 pugnam
736 2442 888 2500 evocant.
938 2432 1040 2499 Nullo
1067 2431 1105 2497 ab

124 2540 246 2603 nostris
263 2537 340 2602 dato
364 2560 536 2622 responso,
559 2538 615 2603 ubi
638 2540 744 2603 visum
768 2547 828 2616 est,
851 2535 913 2603 sub
935 2557 1105 2624 vesperum

101 2638 265 2725 rdispersi
301 2662 340 2705 ac
376 2642 526 2724 dissipati
562 2640 745 2706 discedunt.
792 2639 907 2707 Subito
938 2639 1104 2706 Labienus

125 2743 252 2808 duabus
286 2745 389 2830 portis
424 2767 552 2810 omnem
577 2747 757 2831 equitatum
780 2744 912 2825 emittit3
947 2743 1106 2828 praecipit

125 2857 222 2932 atque
245 2847 419 2931 interdicit,
437 2849 620 2933 proterritis
643 2847 793 2913 hostibus
817 2855 916 2933 atque
938 2846 971 2911 in
996 2847 1104 2931 fugam

125 2952 283 3016 coniectis
317 2951 417 3037 (quod
447 2951 527 3035 fore,
560 2953 644 3016 sicut
667 2950 798 3034 accidit,
828 2948 979 3031 videbat)
1012 2969 1106 3014 unum

127 3077 239 3119 omnes
263 3063 412 3140 peterent
427 3054 699 3137 Indutiomarum,
722 3077 786 3119 neu
809 3054 883 3139 quis
899 3075 998 3140 quem
1021 3053 1106 3139 prius

126 3159 283 3239 vulneret,
308 3181 407 3244 quam
430 3156 521 3222 illum
539 3158 745 3223 intersectum
761 3157 889 3238 viderit,
913 3156 1005 3243 quod
1020 3175 1107 3221 mora

126 3263 325 3349 reliquorum
350 3263 491 3346 spatium
516 3271 651 3326 nactum
675 3261 767 3326 illum
790 3261 932 3345 effugere
961 3258 1106 3338 nolebat3

103 3389 247 3452 smagna
277 3367 433 3452 proponit
461 3365 511 3442 iis,
547 3367 601 3451 qui
626 3364 815 3449 occiderint,
840 3363 1005 3448 praemia3
1038 3361 1107 3428 sub·

104 3473 225 3536 omittit
258 3470 409 3535 cohortes
440 3469 603 3554 equitibus
635 3467 793 3535 subsidio.
829 3464 1034 3554 Comprobat
1057 3464 1108 3530 ho

125 3576 224 3639 minis
249 3572 419 3637 consilium
445 3572 587 3650 fortuna,
613 3581 738 3637 etcum
763 3593 862 3635 unum
887 3576 1001 3636 omnes
1025 3577 1107 3656 pete
