2430 4028
381 273 492 322 nusnu
509 274 556 335 vr,
583 272 658 322 our.
679 274 788 322 42-44.
1023 272 1084 337 169

103 464 263 545 equitatu,
286 469 322 525 nt
337 461 434 525 modo
459 463 566 525 visum
591 460 632 526 ab
657 484 692 525 sc
709 460 934 544 Ambiorigem
957 463 989 525 in
1005 462 1084 546 fuga

102 566 396 651 circumspicerent
424 567 547 650 captivi
575 587 636 630 nec
660 564 756 649 plane
786 567 884 630 etiam
909 563 1017 630 abisse
1042 587 1083 628 ex

103 677 287 754 conspectu
314 671 557 751 contenderent,
592 679 628 735 ut
655 691 713 753 spe
743 668 963 754 consequendi
993 668 1106 734 illatas

102 782 203 857 atque
227 773 352 838 infinito
383 773 497 839 labore
521 782 690 858 suscepto,
721 773 776 859 qui
801 796 835 838 se
859 795 1017 839 summam
1042 774 1084 838 ab

103 875 250 942 Caesare
280 880 418 963 gratiam
450 879 587 944 inituros
610 887 773 964 putarent,
806 900 910 965 paene
933 886 1084 942 naturam

103 979 215 1046 studio
245 983 427 1064 vincerent,
459 1005 649 1068 semperque
684 981 817 1068 paulum
847 982 888 1045 ad
923 1005 1085 1049 summam

102 1085 296 1152 felicitatem
313 1085 455 1151 defuisse
477 1086 650 1167 videretur,
671 1096 769 1171 atque
792 1086 848 1150 ille
871 1085 1005 1150 latebris
1029 1096 1108 1148 aute

102 1188 243 1253 saltibus
273 1213 307 1254 se
341 1191 479 1275 eriperet
513 1198 545 1253 et
578 1198 677 1253 noctu
708 1189 891 1254 occultatus
925 1189 1006 1254 alios
1038 1213 1084 1254 re·

101 1294 219 1375 giones
243 1301 419 1377 partesque
439 1300 562 1376 peteret
585 1314 651 1356 non
675 1293 798 1358 maiore
829 1295 972 1379 equitum
996 1315 1087 1378 prae-

101 1395 189 1461 sidio
214 1418 313 1482 quum
329 1404 494 1480 quattuor,
520 1396 636 1482 quibus
661 1396 740 1461 solis
757 1398 859 1462 vitam
883 1419 975 1462 suam
1000 1419 1086 1460 com·

103 1501 235 1563 mittere
260 1497 413 1562 audebat.

190 1600 243 1665 44.
271 1602 345 1666 Tali
378 1602 477 1667 modo
512 1605 650 1668 vastatis
685 1601 872 1686 regionibus
907 1605 1086 1669 exercitum

103 1705 229 1771 Caesar
252 1706 388 1770 duarum
413 1706 593 1771 cohortium
612 1706 730 1771 damno
749 1706 1009 1772 Durocortorum
1025 1708 1086 1772 Re·

104 1832 232 1875 morum
264 1807 400 1891 reducit,
432 1809 636 1894 concilioque
666 1811 697 1874 in
722 1834 796 1874 eum
818 1810 926 1875 locum
957 1810 1086 1877 Galliae

103 1913 229 1978 indicto
254 1911 293 1976 dc
317 1913 543 1976 coniuratione
559 1911 723 1977 Senonum
748 1923 780 1977 et
792 1911 972 1979 Carnutum
989 1937 1085 2000 quae-

103 2018 245 2081 stionem
268 2015 389 2080 habere
413 2017 554 2080 instituit
577 2025 609 2080 et
632 2016 672 2081 de
697 2017 838 2095 Accone,
862 2020 915 2103 qui
933 2020 1107 2103 princeps2

103 2122 173 2186 eius
198 2119 326 2184 consilii
357 2119 472 2201 fuerat,
502 2121 651 2202 graviore
682 2122 845 2185 sententia
875 2125 1086 2205 pronuntiata

102 2247 194 2290 moro
225 2224 386 2287 maiorum
420 2222 616 2308 supplicium
647 2225 794 2310 sumpsit.
818 2223 974 2288 Nonnulli
1005 2225 1086 2290 iudi·

102 2329 190 2394 cium
219 2327 314 2390 veriti
342 2326 574 2411 profugerunt.
610 2324 737 2405 Quibus
766 2347 840 2390 cum
871 2349 957 2412 aqua
987 2336 1107 2413 atqucs

102 2432 169 2516 igni
193 2429 433 2509 interdixisset,
469 2428 551 2492 duas
583 2428 729 2512 legiones
760 2430 906 2496 adfines
930 2431 1086 2497 Trevero-

102 2556 185 2614 rum,
210 2532 293 2596 duas
317 2533 349 2594 in
374 2531 588 2614 Lingonibus,
613 2554 672 2596 sex
696 2532 838 2617 reliquas
862 2536 894 2598 in
918 2534 1084 2600 Senonum

103 2637 224 2703 finibus
248 2635 409 2720 Agedinci
434 2637 467 2700 in
490 2635 634 2700 hibernis
658 2635 835 2701 collocavit
857 2638 1084 2725 frumentoque

103 2739 264 2805 exercitui
288 2740 431 2822 proviso,
453 2747 489 2802 ut
511 2741 706 2823 instituerat,
731 2741 761 2802 in
787 2739 919 2805 ltaliam
942 2742 985 2806 ad
1008 2765 1083 2807 con·

102 2852 221 2909 ventus
246 2841 391 2925 agendos
415 2842 583 2928 profectus
607 2852 664 2906 est.

493 3136 694 3143 ..η--
