<?xml version="1.0" encoding="UTF-8"?>
<!DOCTYPE html PUBLIC "-//W3C//DTD XHTML 1.0 Transitional//EN"
    "http://www.w3.org/TR/xhtml1/DTD/xhtml1-transitional.dtd">
<html xmlns="http://www.w3.org/1999/xhtml" xml:lang="en" lang="en">
 <head>
  <title>
</title>
<meta http-equiv="Content-Type" content="text/html;charset=utf-8" />
  <meta name='ocr-system' content='tesseract 3.04.00' />
  <meta name='ocr-capabilities' content='ocr_page ocr_carea ocr_par ocr_line ocrx_word'/>
</head>
<body>
  <div class='ocr_page' id='page_1' title='image "./ciuliicaesarisc01hoffgoog_0247.png"; bbox 0 0 2430 4028; ppageno 0'>
   <div class='ocr_carea' id='block_1_1' title="bbox 182 249 852 316">
    <p class='ocr_par' dir='ltr' id='par_1_1' title="bbox 182 249 852 316">
     <span class='ocr_line' id='line_1_1' title="bbox 182 249 852 316; baseline 0.001 -15"><span class='ocrx_word' id='word_1_1' title='bbox 182 251 245 316; x_wconf 77' lang='lat'><strong>233</strong></span> <span class='ocrx_word' id='word_1_2' title='bbox 484 252 535 301; x_wconf 83' lang='lat' dir='ltr'><strong>na</strong></span> <span class='ocrx_word' id='word_1_3' title='bbox 553 251 674 301; x_wconf 78' lang='lat' dir='ltr'><strong>annno</strong></span> <span class='ocrx_word' id='word_1_4' title='bbox 694 249 852 302; x_wconf 78' lang='lat' dir='ltr'><strong>onnnrco</strong></span> 
     </span>
    </p>
   </div>
   <div class='ocr_carea' id='block_1_2' title="bbox 89 441 1213 3639">
    <p class='ocr_par' dir='ltr' id='par_1_2' title="bbox 182 441 1165 612">
     <span class='ocr_line' id='line_1_2' title="bbox 183 441 1165 528; baseline 0.004 -21"><span class='ocrx_word' id='word_1_5' title='bbox 183 441 323 528; x_wconf 88' lang='lat' dir='ltr'><strong>amplius</strong></span> <span class='ocrx_word' id='word_1_6' title='bbox 340 451 433 508; x_wconf 92' lang='lat' dir='ltr'><strong>erant</strong></span> <span class='ocrx_word' id='word_1_7' title='bbox 444 442 625 527; x_wconf 82' lang='lat' dir='ltr'><strong>quingenti,</strong></span> <span class='ocrx_word' id='word_1_8' title='bbox 640 451 752 508; x_wconf 88' lang='lat' dir='ltr'><strong>tamen</strong></span> <span class='ocrx_word' id='word_1_9' title='bbox 764 442 1006 511; x_wconf 81' lang='lat' dir='ltr'><strong>Germanorum</strong></span> <span class='ocrx_word' id='word_1_10' title='bbox 1018 442 1165 511; x_wconf 87' lang='lat' dir='ltr'><strong>adventu</strong></span> 
     </span>
     <span class='ocr_line' id='line_1_3' title="bbox 182 545 538 612; baseline -0.003 -1"><span class='ocrx_word' id='word_1_11' title='bbox 182 545 316 612; x_wconf 87' lang='lat' dir='ltr'><strong>barbari</strong></span> <span class='ocrx_word' id='word_1_12' title='bbox 338 545 538 611; x_wconf 80' lang='lat' dir='ltr'><strong>nitebantur.</strong></span> 
     </span>
    </p>

    <p class='ocr_par' dir='ltr' id='par_1_3' title="bbox 271 647 1165 731">
     <span class='ocr_line' id='line_1_4' title="bbox 271 647 1165 731; baseline 0.009 -19"><span class='ocrx_word' id='word_1_13' title='bbox 271 649 319 713; x_wconf 91' lang='lat' dir='ltr'><strong>ll.</strong></span> <span class='ocrx_word' id='word_1_14' title='bbox 344 647 484 731; x_wconf 82' lang='lat' dir='ltr'><strong>Caesar,</strong></span> <span class='ocrx_word' id='word_1_15' title='bbox 519 671 594 714; x_wconf 92' lang='lat' dir='ltr'><strong>cum</strong></span> <span class='ocrx_word' id='word_1_16' title='bbox 617 650 893 717; x_wconf 87' lang='lat' dir='ltr'><strong>animadverteret</strong></span> <span class='ocrx_word' id='word_1_17' title='bbox 915 650 1046 717; x_wconf 83' lang='lat' dir='ltr'><strong>hostem</strong></span> <span class='ocrx_word' id='word_1_18' title='bbox 1075 675 1165 719; x_wconf 89' lang='lat' dir='ltr'><strong>com·</strong></span> 
     </span>
    </p>

    <p class='ocr_par' dir='ltr' id='par_1_4' title="bbox 163 752 1168 1961">
     <span class='ocr_line' id='line_1_5' title="bbox 183 752 1165 838; baseline 0.007 -22"><span class='ocrx_word' id='word_1_19' title='bbox 183 752 293 837; x_wconf 88' lang='lat' dir='ltr'><strong>plures</strong></span> <span class='ocrx_word' id='word_1_20' title='bbox 317 753 387 818; x_wconf 91' lang='lat' dir='ltr'><strong>dies</strong></span> <span class='ocrx_word' id='word_1_21' title='bbox 410 756 527 819; x_wconf 87' lang='lat' dir='ltr'><strong>cestris</strong></span> <span class='ocrx_word' id='word_1_22' title='bbox 544 753 664 838; x_wconf 89' lang='lat' dir='ltr'><strong>palude</strong></span> <span class='ocrx_word' id='word_1_23' title='bbox 687 765 720 820; x_wconf 92' lang='lat' dir='ltr'><strong>et</strong></span> <span class='ocrx_word' id='word_1_24' title='bbox 741 754 808 821; x_wconf 90' lang='lat' dir='ltr'><strong>loci</strong></span> <span class='ocrx_word' id='word_1_25' title='bbox 830 765 949 821; x_wconf 91' lang='lat' dir='ltr'><strong>natura</strong></span> <span class='ocrx_word' id='word_1_26' title='bbox 970 757 1107 823; x_wconf 90' lang='lat' dir='ltr'><strong>munitis</strong></span> <span class='ocrx_word' id='word_1_27' title='bbox 1131 781 1165 824; x_wconf 88' lang='lat' dir='ltr'><strong>se</strong></span> 
     </span>
     <span class='ocr_line' id='line_1_6' title="bbox 184 858 1166 943; baseline 0.006 -23"><span class='ocrx_word' id='word_1_28' title='bbox 184 865 294 922; x_wconf 90' lang='lat' dir='ltr'><strong>tenere</strong></span> <span class='ocrx_word' id='word_1_29' title='bbox 318 879 423 942; x_wconf 89' lang='lat' dir='ltr'><strong>neque</strong></span> <span class='ocrx_word' id='word_1_30' title='bbox 447 859 630 943; x_wconf 86' lang='lat' dir='ltr'><strong>oppugnari</strong></span> <span class='ocrx_word' id='word_1_31' title='bbox 654 868 766 924; x_wconf 85' lang='lat' dir='ltr'><strong>castra</strong></span> <span class='ocrx_word' id='word_1_32' title='bbox 794 881 908 926; x_wconf 90' lang='lat' dir='ltr'><strong>eorum</strong></span> <span class='ocrx_word' id='word_1_33' title='bbox 936 860 1008 925; x_wconf 88' lang='lat' dir='ltr'><strong>sine</strong></span> <span class='ocrx_word' id='word_1_34' title='bbox 1029 858 1166 926; x_wconf 88' lang='lat' dir='ltr'><strong>dimica·</strong></span> 
     </span>
     <span class='ocr_line' id='line_1_7' title="bbox 183 960 1166 1046; baseline 0.003 -20"><span class='ocrx_word' id='word_1_35' title='bbox 183 961 273 1026; x_wconf 89' lang='lat' dir='ltr'><strong>tione</strong></span> <span class='ocrx_word' id='word_1_36' title='bbox 306 962 493 1046; x_wconf 88' lang='lat' dir='ltr'><strong>perniciosa</strong></span> <span class='ocrx_word' id='word_1_37' title='bbox 538 984 599 1026; x_wconf 90' lang='lat' dir='ltr'><strong>nec</strong></span> <span class='ocrx_word' id='word_1_38' title='bbox 638 960 747 1027; x_wconf 89' lang='lat' dir='ltr'><strong>locum</strong></span> <span class='ocrx_word' id='word_1_39' title='bbox 780 961 1016 1028; x_wconf 80' lang='lat' dir='ltr'><strong>munitionibus</strong></span> <span class='ocrx_word' id='word_1_40' title='bbox 1055 962 1166 1030; x_wconf 88' lang='lat' dir='ltr'><strong>claudi</strong></span> 
     </span>
     <span class='ocr_line' id='line_1_8' title="bbox 183 1063 1167 1149; baseline 0.005 -21"><span class='ocrx_word' id='word_1_41' title='bbox 183 1065 245 1130; x_wconf 89' lang='lat' dir='ltr'><strong>nisi</strong></span> <span class='ocrx_word' id='word_1_42' title='bbox 268 1086 288 1129; x_wconf 89' lang='lat' dir='ltr'><strong>a</strong></span> <span class='ocrx_word' id='word_1_43' title='bbox 310 1067 433 1129; x_wconf 88' lang='lat' dir='ltr'><strong>maiore</strong></span> <span class='ocrx_word' id='word_1_44' title='bbox 457 1066 604 1129; x_wconf 88' lang='lat' dir='ltr'><strong>exercitu</strong></span> <span class='ocrx_word' id='word_1_45' title='bbox 626 1086 734 1149; x_wconf 91' lang='lat' dir='ltr'><strong>posse,</strong></span> <span class='ocrx_word' id='word_1_46' title='bbox 758 1063 884 1130; x_wconf 90' lang='lat' dir='ltr'><strong>litteras</strong></span> <span class='ocrx_word' id='word_1_47' title='bbox 907 1063 952 1129; x_wconf 90' lang='lat' dir='ltr'><strong>ad</strong></span> <span class='ocrx_word' id='word_1_48' title='bbox 965 1064 1167 1133; x_wconf 81' lang='lat' dir='ltr'><strong>Trebonium</strong></span> 
     </span>
     <span class='ocr_line' id='line_1_9' title="bbox 183 1167 1166 1254; baseline 0.002 -21"><span class='ocrx_word' id='word_1_49' title='bbox 183 1169 300 1247; x_wconf 88' lang='lat' dir='ltr'><strong>mittit,</strong></span> <span class='ocrx_word' id='word_1_50' title='bbox 336 1178 372 1232; x_wconf 92' lang='lat' dir='ltr'><strong>ut</strong></span> <span class='ocrx_word' id='word_1_51' title='bbox 405 1190 505 1254; x_wconf 92' lang='lat' dir='ltr'><strong>quam</strong></span> <span class='ocrx_word' id='word_1_52' title='bbox 533 1167 702 1233; x_wconf 81' lang='lat' dir='ltr'><strong>celerrime</strong></span> <span class='ocrx_word' id='word_1_53' title='bbox 742 1178 854 1254; x_wconf 89' lang='lat' dir='ltr'><strong>posset</strong></span> <span class='ocrx_word' id='word_1_54' title='bbox 886 1167 1052 1251; x_wconf 83' lang='lat' dir='ltr'><strong>legionem</strong></span> <span class='ocrx_word' id='word_1_55' title='bbox 1080 1188 1166 1253; x_wconf 80' lang='lat' dir='ltr'><strong>xm,</strong></span> 
     </span>
     <span class='ocr_line' id='line_1_10' title="bbox 185 1269 1166 1360; baseline 0.002 -23"><span class='ocrx_word' id='word_1_56' title='bbox 185 1295 269 1360; x_wconf 90' lang='lat' dir='ltr'><strong>quae</strong></span> <span class='ocrx_word' id='word_1_57' title='bbox 293 1294 367 1336; x_wconf 90' lang='lat' dir='ltr'><strong>cum</strong></span> <span class='ocrx_word' id='word_1_58' title='bbox 390 1272 427 1336; x_wconf 84' lang='lat' dir='ltr'><strong>T.</strong></span> <span class='ocrx_word' id='word_1_59' title='bbox 446 1269 561 1336; x_wconf 87' lang='lat' dir='ltr'><strong>Sextio</strong></span> <span class='ocrx_word' id='word_1_60' title='bbox 585 1271 693 1357; x_wconf 85' lang='lat' dir='ltr'><strong>legato</strong></span> <span class='ocrx_word' id='word_1_61' title='bbox 717 1274 751 1337; x_wconf 92' lang='lat' dir='ltr'><strong>in</strong></span> <span class='ocrx_word' id='word_1_62' title='bbox 767 1269 971 1357; x_wconf 78' lang='lat' dir='ltr'><strong>Biturigibus</strong></span> <span class='ocrx_word' id='word_1_63' title='bbox 986 1272 1166 1357; x_wconf 79' lang='lat' dir='ltr'><strong>hiemabat,</strong></span> 
     </span>
     <span class='ocr_line' id='line_1_11' title="bbox 185 1376 1167 1463; baseline 0.002 -23"><span class='ocrx_word' id='word_1_64' title='bbox 185 1387 366 1441; x_wconf 82' lang='lat' dir='ltr'><strong>arcesseret</strong></span> <span class='ocrx_word' id='word_1_65' title='bbox 394 1385 492 1461; x_wconf 88' lang='lat' dir='ltr'><strong>atque</strong></span> <span class='ocrx_word' id='word_1_66' title='bbox 521 1377 567 1441; x_wconf 92' lang='lat' dir='ltr'><strong>ita</strong></span> <span class='ocrx_word' id='word_1_67' title='bbox 597 1399 670 1441; x_wconf 91' lang='lat' dir='ltr'><strong>cum</strong></span> <span class='ocrx_word' id='word_1_68' title='bbox 693 1376 798 1443; x_wconf 87' lang='lat' dir='ltr'><strong>tribus</strong></span> <span class='ocrx_word' id='word_1_69' title='bbox 821 1377 1007 1462; x_wconf 83' lang='lat' dir='ltr'><strong>legionibus</strong></span> <span class='ocrx_word' id='word_1_70' title='bbox 1036 1379 1167 1463; x_wconf 85' lang='lat' dir='ltr'><strong>magnis</strong></span> 
     </span>
     <span class='ocr_line' id='line_1_12' title="bbox 163 1480 1168 1566; baseline 0.002 -24"><span class='ocrx_word' id='word_1_71' title='bbox 163 1480 353 1545; x_wconf 84' lang='lat' dir='ltr'><strong>aitineribus</strong></span> <span class='ocrx_word' id='word_1_72' title='bbox 388 1481 431 1545; x_wconf 91' lang='lat' dir='ltr'><strong>ad</strong></span> <span class='ocrx_word' id='word_1_73' title='bbox 467 1504 502 1545; x_wconf 89' lang='lat' dir='ltr'><strong>se</strong></span> <span class='ocrx_word' id='word_1_74' title='bbox 535 1482 683 1563; x_wconf 69' lang='lat' dir='ltr'><strong>veniret,</strong></span> <span class='ocrx_word' id='word_1_75' title='bbox 721 1482 793 1566; x_wconf 89' lang='lat' dir='ltr'><strong>ipse</strong></span> <span class='ocrx_word' id='word_1_76' title='bbox 830 1482 955 1565; x_wconf 87' lang='lat' dir='ltr'><strong>equites</strong></span> <span class='ocrx_word' id='word_1_77' title='bbox 993 1481 1027 1545; x_wconf 90' lang='lat' dir='ltr'><strong>in</strong></span> <span class='ocrx_word' id='word_1_78' title='bbox 1061 1483 1168 1546; x_wconf 84' lang='lat' dir='ltr'><strong>vicem</strong></span> 
     </span>
     <span class='ocr_line' id='line_1_13' title="bbox 185 1583 1168 1671; baseline 0.004 -23"><span class='ocrx_word' id='word_1_79' title='bbox 185 1585 360 1649; x_wconf 87' lang='lat' dir='ltr'><strong>Remorum</strong></span> <span class='ocrx_word' id='word_1_80' title='bbox 394 1606 433 1649; x_wconf 89' lang='lat' dir='ltr'><strong>ac</strong></span> <span class='ocrx_word' id='word_1_81' title='bbox 468 1584 655 1669; x_wconf 91' lang='lat' dir='ltr'><strong>Lingonum</strong></span> <span class='ocrx_word' id='word_1_82' title='bbox 689 1583 954 1671; x_wconf 90' lang='lat' dir='ltr'><strong>reliquarumque</strong></span> <span class='ocrx_word' id='word_1_83' title='bbox 985 1585 1168 1667; x_wconf 85' lang='lat' dir='ltr'><strong>civitatum,</strong></span> 
     </span>
     <span class='ocr_line' id='line_1_14' title="bbox 185 1689 1167 1772; baseline 0.003 -22"><span class='ocrx_word' id='word_1_84' title='bbox 185 1709 323 1771; x_wconf 89' lang='lat' dir='ltr'><strong>quorum</strong></span> <span class='ocrx_word' id='word_1_85' title='bbox 355 1709 511 1772; x_wconf 92' lang='lat' dir='ltr'><strong>magnum</strong></span> <span class='ocrx_word' id='word_1_86' title='bbox 544 1708 713 1752; x_wconf 89' lang='lat' dir='ltr'><strong>numerum</strong></span> <span class='ocrx_word' id='word_1_87' title='bbox 748 1696 964 1769; x_wconf 82' lang='lat' dir='ltr'><strong>evocaverat,</strong></span> <span class='ocrx_word' id='word_1_88' title='bbox 998 1689 1167 1772; x_wconf 88' lang='lat' dir='ltr'><strong>praesidio</strong></span> 
     </span>
     <span class='ocr_line' id='line_1_15' title="bbox 185 1790 1168 1878; baseline 0.003 -23"><span class='ocrx_word' id='word_1_89' title='bbox 185 1790 455 1878; x_wconf 89' lang='lat' dir='ltr'><strong>pabulationibus</strong></span> <span class='ocrx_word' id='word_1_90' title='bbox 484 1794 592 1874; x_wconf 90' lang='lat' dir='ltr'><strong>mittit,</strong></span> <span class='ocrx_word' id='word_1_91' title='bbox 627 1792 683 1876; x_wconf 93' lang='lat' dir='ltr'><strong>qui</strong></span> <span class='ocrx_word' id='word_1_92' title='bbox 717 1790 843 1857; x_wconf 89' lang='lat' dir='ltr'><strong>subitas</strong></span> <span class='ocrx_word' id='word_1_93' title='bbox 870 1793 1079 1860; x_wconf 81' lang='lat' dir='ltr'><strong>incursiones</strong></span> <span class='ocrx_word' id='word_1_94' title='bbox 1112 1792 1168 1858; x_wconf 90' lang='lat' dir='ltr'><strong>ho·</strong></span> 
     </span>
     <span class='ocr_line' id='line_1_16' title="bbox 187 1896 515 1961; baseline -0.003 -1"><span class='ocrx_word' id='word_1_95' title='bbox 187 1896 283 1960; x_wconf 90' lang='lat' dir='ltr'><strong>stium</strong></span> <span class='ocrx_word' id='word_1_96' title='bbox 308 1897 515 1961; x_wconf 89' lang='lat' dir='ltr'><strong>sustinerent.</strong></span> 
     </span>
    </p>

    <p class='ocr_par' dir='ltr' id='par_1_5' title="bbox 166 1998 1171 2916">
     <span class='ocr_line' id='line_1_17' title="bbox 274 1998 1167 2078; baseline 0.004 -18"><span class='ocrx_word' id='word_1_97' title='bbox 274 1998 323 2061; x_wconf 79' lang='lat'><strong>12.</strong></span> <span class='ocrx_word' id='word_1_98' title='bbox 346 1998 445 2078; x_wconf 78' lang='lat' dir='ltr'><strong>Quod</strong></span> <span class='ocrx_word' id='word_1_99' title='bbox 474 2021 548 2064; x_wconf 92' lang='lat' dir='ltr'><strong>cum</strong></span> <span class='ocrx_word' id='word_1_100' title='bbox 575 1998 694 2065; x_wconf 88' lang='lat' dir='ltr'><strong>cotidie</strong></span> <span class='ocrx_word' id='word_1_101' title='bbox 726 1999 835 2076; x_wconf 90' lang='lat' dir='ltr'><strong>fieret,</strong></span> <span class='ocrx_word' id='word_1_102' title='bbox 863 2020 904 2064; x_wconf 91' lang='lat' dir='ltr'><strong>ac</strong></span> <span class='ocrx_word' id='word_1_103' title='bbox 933 2001 1001 2065; x_wconf 89' lang='lat' dir='ltr'><strong>iam</strong></span> <span class='ocrx_word' id='word_1_104' title='bbox 1031 2021 1167 2067; x_wconf 88' lang='lat' dir='ltr'><strong>consue·</strong></span> 
     </span>
     <span class='ocr_line' id='line_1_18' title="bbox 185 2101 1168 2189; baseline 0.002 -21"><span class='ocrx_word' id='word_1_105' title='bbox 185 2103 297 2168; x_wconf 88' lang='lat' dir='ltr'><strong>tudine</strong></span> <span class='ocrx_word' id='word_1_106' title='bbox 332 2102 502 2187; x_wconf 84' lang='lat' dir='ltr'><strong>diligentia</strong></span> <span class='ocrx_word' id='word_1_107' title='bbox 534 2105 749 2183; x_wconf 88' lang='lat' dir='ltr'><strong>minueretur,</strong></span> <span class='ocrx_word' id='word_1_108' title='bbox 785 2101 874 2188; x_wconf 91' lang='lat' dir='ltr'><strong>quod</strong></span> <span class='ocrx_word' id='word_1_109' title='bbox 896 2101 1091 2189; x_wconf 87' lang='lat' dir='ltr'><strong>plerumque</strong></span> <span class='ocrx_word' id='word_1_110' title='bbox 1115 2124 1168 2169; x_wconf 79' lang='lat' dir='ltr'><strong>ac·</strong></span> 
     </span>
     <span class='ocr_line' id='line_1_19' title="bbox 187 2205 1169 2292; baseline 0 -20"><span class='ocrx_word' id='word_1_111' title='bbox 187 2208 268 2272; x_wconf 86' lang='lat' dir='ltr'><strong>cidit</strong></span> <span class='ocrx_word' id='word_1_112' title='bbox 291 2207 515 2290; x_wconf 88' lang='lat' dir='ltr'><strong>diuturnitate,</strong></span> <span class='ocrx_word' id='word_1_113' title='bbox 539 2205 710 2272; x_wconf 90' lang='lat' dir='ltr'><strong>Bellovaci</strong></span> <span class='ocrx_word' id='word_1_114' title='bbox 734 2206 863 2271; x_wconf 88' lang='lat' dir='ltr'><strong>delecta</strong></span> <span class='ocrx_word' id='word_1_115' title='bbox 890 2229 991 2272; x_wconf 86' lang='lat' dir='ltr'><strong>manu</strong></span> <span class='ocrx_word' id='word_1_116' title='bbox 1022 2207 1169 2292; x_wconf 87' lang='lat' dir='ltr'><strong>peditum</strong></span> 
     </span>
     <span class='ocr_line' id='line_1_20' title="bbox 186 2310 1170 2396; baseline 0.001 -20"><span class='ocrx_word' id='word_1_117' title='bbox 186 2312 328 2396; x_wconf 87' lang='lat' dir='ltr'><strong>cognitis</strong></span> <span class='ocrx_word' id='word_1_118' title='bbox 345 2310 542 2375; x_wconf 88' lang='lat' dir='ltr'><strong>stationibus</strong></span> <span class='ocrx_word' id='word_1_119' title='bbox 559 2310 733 2375; x_wconf 88' lang='lat' dir='ltr'><strong>cotidianis</strong></span> <span class='ocrx_word' id='word_1_120' title='bbox 751 2311 897 2396; x_wconf 89' lang='lat' dir='ltr'><strong>equitum</strong></span> <span class='ocrx_word' id='word_1_121' title='bbox 911 2317 1102 2377; x_wconf 82' lang='lat' dir='ltr'><strong>nostrorum</strong></span> <span class='ocrx_word' id='word_1_122' title='bbox 1118 2310 1170 2377; x_wconf 90' lang='lat' dir='ltr'><strong>sil·</strong></span> 
     </span>
     <span class='ocr_line' id='line_1_21' title="bbox 166 2413 1169 2501; baseline -0.001 -22"><span class='ocrx_word' id='word_1_123' title='bbox 166 2415 352 2481; x_wconf 79' lang='lat' dir='ltr'><strong>avestribus</strong></span> <span class='ocrx_word' id='word_1_124' title='bbox 374 2414 457 2479; x_wconf 91' lang='lat' dir='ltr'><strong>locis</strong></span> <span class='ocrx_word' id='word_1_125' title='bbox 481 2415 618 2480; x_wconf 90' lang='lat' dir='ltr'><strong>insidias</strong></span> <span class='ocrx_word' id='word_1_126' title='bbox 643 2414 821 2500; x_wconf 91' lang='lat' dir='ltr'><strong>disponunt</strong></span> <span class='ocrx_word' id='word_1_127' title='bbox 837 2413 1020 2500; x_wconf 85' lang='lat' dir='ltr'><strong>eodemque</strong></span> <span class='ocrx_word' id='word_1_128' title='bbox 1044 2416 1169 2501; x_wconf 83' lang='lat' dir='ltr'><strong>equites</strong></span> 
     </span>
     <span class='ocr_line' id='line_1_22' title="bbox 187 2517 1170 2606; baseline -0.001 -22"><span class='ocrx_word' id='word_1_129' title='bbox 187 2529 318 2606; x_wconf 90' lang='lat' dir='ltr'><strong>postero</strong></span> <span class='ocrx_word' id='word_1_130' title='bbox 351 2519 403 2583; x_wconf 90' lang='lat' dir='ltr'><strong>die</strong></span> <span class='ocrx_word' id='word_1_131' title='bbox 433 2519 576 2599; x_wconf 89' lang='lat' dir='ltr'><strong>mittunt,</strong></span> <span class='ocrx_word' id='word_1_132' title='bbox 600 2520 655 2605; x_wconf 91' lang='lat' dir='ltr'><strong>qui</strong></span> <span class='ocrx_word' id='word_1_133' title='bbox 678 2519 819 2605; x_wconf 87' lang='lat' dir='ltr'><strong>primum</strong></span> <span class='ocrx_word' id='word_1_134' title='bbox 842 2517 999 2583; x_wconf 87' lang='lat' dir='ltr'><strong>elicerent</strong></span> <span class='ocrx_word' id='word_1_135' title='bbox 1026 2528 1170 2595; x_wconf 87' lang='lat' dir='ltr'><strong>nostros,</strong></span> 
     </span>
     <span class='ocr_line' id='line_1_23' title="bbox 166 2619 1171 2707; baseline -0.001 -19"><span class='ocrx_word' id='word_1_136' title='bbox 166 2623 306 2688; x_wconf 75' lang='lat' dir='ltr'><strong>sdeinde</strong></span> <span class='ocrx_word' id='word_1_137' title='bbox 323 2626 565 2688; x_wconf 85' lang='lat' dir='ltr'><strong>circumventos</strong></span> <span class='ocrx_word' id='word_1_138' title='bbox 582 2622 848 2707; x_wconf 88' lang='lat' dir='ltr'><strong>aggrederentur.</strong></span> <span class='ocrx_word' id='word_1_139' title='bbox 873 2619 974 2685; x_wconf 83' lang='lat' dir='ltr'><strong>Cuius</strong></span> <span class='ocrx_word' id='word_1_140' title='bbox 996 2620 1078 2687; x_wconf 86' lang='lat' dir='ltr'><strong>mali</strong></span> <span class='ocrx_word' id='word_1_141' title='bbox 1100 2644 1171 2687; x_wconf 88' lang='lat' dir='ltr'><strong>sors</strong></span> 
     </span>
     <span class='ocr_line' id='line_1_24' title="bbox 188 2724 1171 2813; baseline -0.003 -20"><span class='ocrx_word' id='word_1_142' title='bbox 188 2727 304 2793; x_wconf 91' lang='lat' dir='ltr'><strong>incidit</strong></span> <span class='ocrx_word' id='word_1_143' title='bbox 336 2727 463 2806; x_wconf 88' lang='lat' dir='ltr'><strong>Remis,</strong></span> <span class='ocrx_word' id='word_1_144' title='bbox 500 2727 618 2813; x_wconf 91' lang='lat' dir='ltr'><strong>quibus</strong></span> <span class='ocrx_word' id='word_1_145' title='bbox 653 2725 708 2790; x_wconf 89' lang='lat' dir='ltr'><strong>ille</strong></span> <span class='ocrx_word' id='word_1_146' title='bbox 742 2725 813 2791; x_wconf 91' lang='lat' dir='ltr'><strong>dies</strong></span> <span class='ocrx_word' id='word_1_147' title='bbox 841 2724 999 2811; x_wconf 86' lang='lat' dir='ltr'><strong>fungendi</strong></span> <span class='ocrx_word' id='word_1_148' title='bbox 1028 2726 1171 2791; x_wconf 89' lang='lat' dir='ltr'><strong>muneris</strong></span> 
     </span>
     <span class='ocr_line' id='line_1_25' title="bbox 190 2828 1170 2916; baseline -0.003 -21"><span class='ocrx_word' id='word_1_149' title='bbox 190 2831 379 2895; x_wconf 89' lang='lat' dir='ltr'><strong>obvenerat.</strong></span> <span class='ocrx_word' id='word_1_150' title='bbox 402 2830 553 2916; x_wconf 87' lang='lat' dir='ltr'><strong>Namque</strong></span> <span class='ocrx_word' id='word_1_151' title='bbox 576 2829 621 2914; x_wconf 91' lang='lat' dir='ltr'><strong>bi,</strong></span> <span class='ocrx_word' id='word_1_152' title='bbox 637 2851 712 2894; x_wconf 92' lang='lat' dir='ltr'><strong>cum</strong></span> <span class='ocrx_word' id='word_1_153' title='bbox 735 2837 868 2914; x_wconf 87' lang='lat' dir='ltr'><strong>repente</strong></span> <span class='ocrx_word' id='word_1_154' title='bbox 882 2828 1028 2893; x_wconf 82' lang='lat' dir='ltr'><strong>hostium</strong></span> <span class='ocrx_word' id='word_1_155' title='bbox 1044 2830 1170 2915; x_wconf 87' lang='lat' dir='ltr'><strong>equites</strong></span> 
     </span>
    </p>

    <p class='ocr_par' dir='ltr' id='par_1_6' title="bbox 89 2933 1213 3639">
     <span class='ocr_line' id='line_1_26' title="bbox 89 2933 1169 3018; baseline -0.004 -19"><span class='ocrx_word' id='word_1_156' title='bbox 89 2964 92 2969; x_wconf 95' lang='lat'>·</span> <span class='ocrx_word' id='word_1_157' title='bbox 189 2935 497 2999; x_wconf 90' lang='lat' dir='ltr'><strong>animadvertissent</strong></span> <span class='ocrx_word' id='word_1_158' title='bbox 525 2955 565 2997; x_wconf 91' lang='lat' dir='ltr'><strong>ac</strong></span> <span class='ocrx_word' id='word_1_159' title='bbox 594 2954 729 2999; x_wconf 90' lang='lat' dir='ltr'><strong>numero</strong></span> <span class='ocrx_word' id='word_1_160' title='bbox 753 2933 937 3018; x_wconf 88' lang='lat' dir='ltr'><strong>superiores</strong></span> <span class='ocrx_word' id='word_1_161' title='bbox 966 2933 1169 3015; x_wconf 78' lang='lat' dir='ltr'><strong>paucitatem</strong></span> 
     </span>
     <span class='ocr_line' id='line_1_27' title="bbox 189 3032 1171 3122; baseline -0.003 -20"><span class='ocrx_word' id='word_1_162' title='bbox 189 3040 474 3122; x_wconf 89' lang='lat' dir='ltr'><strong>contempsissent,</strong></span> <span class='ocrx_word' id='word_1_163' title='bbox 498 3037 648 3122; x_wconf 88' lang='lat' dir='ltr'><strong>cupidius</strong></span> <span class='ocrx_word' id='word_1_164' title='bbox 671 3037 812 3100; x_wconf 89' lang='lat' dir='ltr'><strong>insecuti</strong></span> <span class='ocrx_word' id='word_1_165' title='bbox 834 3032 999 3120; x_wconf 88' lang='lat' dir='ltr'><strong>peditibus</strong></span> <span class='ocrx_word' id='word_1_166' title='bbox 1030 3034 1171 3121; x_wconf 84' lang='lat' dir='ltr'><strong>undique</strong></span> 
     </span>
     <span class='ocr_line' id='line_1_28' title="bbox 167 3135 1169 3223; baseline -0.003 -17"><span class='ocrx_word' id='word_1_167' title='bbox 167 3150 266 3206; x_wconf 59' lang='lat' dir='ltr'><strong>esunt</strong></span> <span class='ocrx_word' id='word_1_168' title='bbox 299 3140 503 3206; x_wconf 88' lang='lat' dir='ltr'><strong>circumdati.</strong></span> <span class='ocrx_word' id='word_1_169' title='bbox 561 3140 633 3220; x_wconf 79' lang='lat' dir='ltr'><strong>Quo</strong></span> <span class='ocrx_word' id='word_1_170' title='bbox 671 3140 760 3203; x_wconf 86' lang='lat' dir='ltr'><strong>facto</strong></span> <span class='ocrx_word' id='word_1_171' title='bbox 798 3135 983 3223; x_wconf 87' lang='lat' dir='ltr'><strong>perturbati</strong></span> <span class='ocrx_word' id='word_1_172' title='bbox 1018 3137 1169 3221; x_wconf 87' lang='lat' dir='ltr'><strong>celerius,</strong></span> 
     </span>
     <span class='ocr_line' id='line_1_29' title="bbox 190 3238 1173 3330; baseline -0.003 -20"><span class='ocrx_word' id='word_1_173' title='bbox 190 3267 289 3330; x_wconf 86' lang='lat' dir='ltr'><strong>quem</strong></span> <span class='ocrx_word' id='word_1_174' title='bbox 317 3241 520 3309; x_wconf 89' lang='lat' dir='ltr'><strong>consuetudo</strong></span> <span class='ocrx_word' id='word_1_175' title='bbox 548 3243 611 3308; x_wconf 82' lang='lat' dir='ltr'><strong>sert</strong></span> <span class='ocrx_word' id='word_1_176' title='bbox 640 3242 798 3328; x_wconf 89' lang='lat' dir='ltr'><strong>equestris</strong></span> <span class='ocrx_word' id='word_1_177' title='bbox 827 3238 954 3327; x_wconf 82' lang='lat' dir='ltr'><strong>proelii,</strong></span> <span class='ocrx_word' id='word_1_178' title='bbox 984 3262 1021 3306; x_wconf 89' lang='lat' dir='ltr'><strong>se</strong></span> <span class='ocrx_word' id='word_1_179' title='bbox 1042 3262 1173 3329; x_wconf 86' lang='lat' dir='ltr'><strong>recepe·</strong></span> 
     </span>
     <span class='ocr_line' id='line_1_30' title="bbox 190 3344 1171 3431; baseline -0.001 -19"><span class='ocrx_word' id='word_1_180' title='bbox 190 3358 266 3413; x_wconf 87' lang='lat' dir='ltr'><strong>runt</strong></span> <span class='ocrx_word' id='word_1_181' title='bbox 288 3349 410 3413; x_wconf 91' lang='lat' dir='ltr'><strong>amisso</strong></span> <span class='ocrx_word' id='word_1_182' title='bbox 433 3348 602 3430; x_wconf 90' lang='lat' dir='ltr'><strong>Vertisco,</strong></span> <span class='ocrx_word' id='word_1_183' title='bbox 634 3348 782 3431; x_wconf 87' lang='lat' dir='ltr'><strong>principe</strong></span> <span class='ocrx_word' id='word_1_184' title='bbox 812 3346 973 3426; x_wconf 85' lang='lat' dir='ltr'><strong>civitatis,</strong></span> <span class='ocrx_word' id='word_1_185' title='bbox 1004 3344 1171 3429; x_wconf 80' lang='lat' dir='ltr'><strong>praefecto</strong></span> 
     </span>
     <span class='ocr_line' id='line_1_31' title="bbox 169 3451 1213 3539; baseline -0.001 -27"><span class='ocrx_word' id='word_1_186' title='bbox 169 3454 351 3539; x_wconf 70' lang='lat' dir='ltr'><strong>aequitum,</strong></span> <span class='ocrx_word' id='word_1_187' title='bbox 376 3453 528 3537; x_wconf 89' lang='lat' dir='ltr'><strong>quicum</strong></span> <span class='ocrx_word' id='word_1_188' title='bbox 549 3451 607 3515; x_wconf 83' lang='lat' dir='ltr'><strong>vix</strong></span> <span class='ocrx_word' id='word_1_189' title='bbox 629 3472 712 3534; x_wconf 93' lang='lat' dir='ltr'><strong>equo</strong></span> <span class='ocrx_word' id='word_1_190' title='bbox 737 3457 871 3534; x_wconf 90' lang='lat' dir='ltr'><strong>propter</strong></span> <span class='ocrx_word' id='word_1_191' title='bbox 893 3456 1038 3515; x_wconf 84' lang='lat' dir='ltr'><strong>aetatem</strong></span> <span class='ocrx_word' id='word_1_192' title='bbox 1062 3455 1172 3534; x_wconf 89' lang='lat' dir='ltr'><strong>posset</strong></span> <span class='ocrx_word' id='word_1_193' title='bbox 1208 3478 1213 3533; x_wconf 42' lang='grc' dir='ltr'><strong><em>ι</em></strong></span> 
     </span>
     <span class='ocr_line' id='line_1_32' title="bbox 191 3544 1213 3639; baseline -0.003 -17"><span class='ocrx_word' id='word_1_194' title='bbox 191 3558 237 3622; x_wconf 88' lang='lat' dir='ltr'><strong>uti</strong></span> <span class='ocrx_word' id='word_1_195' title='bbox 250 3605 259 3639; x_wconf 90' lang='lat'><strong>,</strong></span> <span class='ocrx_word' id='word_1_196' title='bbox 294 3566 403 3623; x_wconf 89' lang='lat' dir='ltr'><strong>tamen</strong></span> <span class='ocrx_word' id='word_1_197' title='bbox 438 3553 672 3621; x_wconf 88' lang='lat' dir='ltr'><strong>consuetudine</strong></span> <span class='ocrx_word' id='word_1_198' title='bbox 708 3551 879 3619; x_wconf 79' lang='lat' dir='ltr'><strong>Gallorum</strong></span> <span class='ocrx_word' id='word_1_199' title='bbox 910 3570 1019 3639; x_wconf 89' lang='lat' dir='ltr'><strong>neque</strong></span> <span class='ocrx_word' id='word_1_200' title='bbox 1054 3552 1171 3619; x_wconf 83' lang='lat' dir='ltr'><strong>aetatis</strong></span> <span class='ocrx_word' id='word_1_201' title='bbox 1208 3544 1213 3583; x_wconf 76' lang='lat'>¹</span> 
     </span>
    </p>
   </div>
   <div class='ocr_carea' id='block_1_3' title="bbox 0 0 1228 4028">
    <p class='ocr_par' dir='ltr' id='par_1_7' title="bbox 0 0 1228 4028">
     <span class='ocr_line' id='line_1_33' title="bbox 0 0 1228 4028; baseline 0 0"><span class='ocrx_word' id='word_1_202' title='bbox 0 0 1228 4028; x_wconf 95' lang='lat' dir='ltr'><strong> </strong></span> 
     </span>
    </p>
   </div>
  </div>
 </body>
</html>
