2430 4028
392 291 395 305 =
419 275 529 325 urens
545 273 573 336 1‚'
588 273 664 325 one.
683 272 793 322 ro-m.
1025 271 1079 335 ⁷19

102 473 238 549 propter
254 462 456 549 sepulturam
472 465 785 529 occisorum'nostri-
797 464 941 529 triduum
960 465 1078 529 morati

103 591 161 634 eos
186 569 277 654 sequi
300 590 366 632 non
390 569 583 653 potuissent.
599 592 601 602 ·
620 566 745 633 Caesar
768 567 811 632 od
825 568 1005 652 'Lingonas
1027 566 1102 631 lit-s

102 681 191 736 teras
214 673 409 756 nuntiosque
437 673 543 753 misit,
577 675 625 736 ne'
642 693 698 735 eos
721 671 884 735 frumento
908 693 990 735 neve
1014 670 1081 735 elia

102 798 138 839 re
161 777 327 840 iuvarent:
363 777 417 861 qui
447 776 474 839 si
502 775 674 851 iuvissent,
704 797 739 838 se
762 775 877 839 eodem
900 772 990 856 loco,
1015 796 1078 859 quo

103 877 292 961 Helvetios,
326 877 524 944 habiturum.
543 885 545 890 '
565 879 641 963 Ipse
664 877 772 942 triduo
797 878 981 948 intermisso
1006 899 1080 941 curn

103 981 255 1046 omnibus
278 984 384 1066 copiis
407 1003 464 1045 eos
489 982 580 1068 sequi
603 982 735 1067 coepit*

190 1085 240 1148 27.
265 1085 409 1149 Helvetii
425 1087 711 1150 'omnium'rerum
734 1086 847 1170 inopie
876 1084 1009 1148 adducti
1037 1083 1090 1148 le-²

103 1197 200 1272 gatos
225 1188 264 1252 de
281 1188 447 1253 deditione
470 1188 514 1252 cd
537 1209 613 1252 eum
629 1189 797 1253 miserunt.
822 1189 983 1269 Quicum
1007 1204 1104 1251 eume

105 1295 140 1356 in
162 1293 277 1356 itinere
301 1293 531 1356 convenissent
554 1313 653 1376 seque
676 1291 720 1356 ed
741 1292 843 1376 pedes
856 1291 1082 1376 proiecissent

104 1396 359 1482 suppliciterque
381 1396 483 1461 locuti
505 1396 620 1460 flentes
646 1417 762 1481 pacem
785 1397 953 1480 petissent,
984 1404 1082 1480 atque

104 1522 162 1564 eos
185 1502 220 1564 in
242 1522 280 1566 eo
304 1500 394 1578 loco,
430 1523 493 1586 quo
528 1509 752 1581 tumessent,
788 1521 882 1563 suum
905 1498 1082 1564 adventurn

105 1614 300 1689 exspectare
316 1606 478 1686 iussisset,
495 1614 684 1690 paruerunt.
702 1604 752 1669 Eo
769 1613 946 1689 postquam
958 1601 1104 1668 Caesare

105 1710 265 1792 pervenit,
291 1707 441 1792 obsides,
467 1731 573 1792 arma,
598 1709 806 1793 servossqui
830 1707 873 1771 ed
896 1729 952 1771 eos
975 1707 1050 1792 perf
1071 1743 1082 1754 -

105 1813 240 1898 gissent,
264 1814 426 1897 poposcit.
471 1813 559 1877 Dum
588 1813 886 1897 ea‘conquiruntur
920 1820 953 1875 et
975 1812 1105 1876 conse-4

103 1924 229 1998 runtur,
260 1925 355 1981 nocte
378 1917 563 1981 intermissa
586 1917 716 1981 circiter
742 1915 912 1980 hominum
934 1915 1025 1980 milio
1047 1933 1083 1979 v1

105 2021 175 2084 eius
198 2021 286 2104 pagi,
316 2020 370 2104 qui
399 2019 604 2103 Verbigenus
634 2018 836 2105 appellatur,
872 2020 941 2084 sive
968 2021 1083 2084 timore

104 2124 285 2206 perterriti,
314 2146 355 2187 ne
379 2126 478 2186 armis
508 2123 638 2187 traditis
654 2123 830 2208 *supplicio
861 2122 1081 2205 afficerentur,

106 2228 177 2291 sive
201 2249 259 2312 spe
283 2226 399 2291 salutis
422 2227 564 2309 inducti,
593 2227 684 2311 quod
706 2228 855 2290 intanta
877 2224 1083 2290 multitudine

106 2330 335 2396 dediticiorum
359 2353 451 2396 suam
475 2331 586 2414 fugam
609 2329 854 2395 autocculteri'
870 2338 928 2394 aut
941 2332 1083 2395 'omnino

104 2436 250 2519 ignorari
266 2456 364 2520 posse
388 2435 623 2517 existimarent,
640 2435 746 2518 prima
761 2442 858 2498 nocte
875 2435 990 2498 castris
1007 2433 1084 2498 Hel-

104 2539 267 2603 vetiorum
290 2539 412 2622 egressi
437 2538 479 2602 ad
502 2537 651 2602 Rhenum
665 2534 1085 2622 'finesque‘Germanorum

106 2641 356 2707 contenderunt.
722 2657 724 2662 '

193 2744 244 2807 28.
270 2744 367 2824 Quod
389 2742 446 2808 ubi
470 2741 593 2809 Caesar
615 2745 738 2821 resciit,
761 2765 899 2830 quornm
922 2744 1084 2830 perfines

105 2840 227 2929 ierant,
260 2847 322 2930 his,
357 2849 404 2912 uti
433 2849 662 2933 conquirerent
680 2846 956 2930 ·et·reducerent,‘
972 2848 998 2911 si
1022 2847 1084 2912 sibi

106 2954 238 3038 purgati
262 2975 335 3017 esse
350 2951 482 3034 vellent,
505 2953 694 3037 imperavit:
717 2947 871 3016 reductos
894 2953 927 3015 in
942 2949 1108 3016 hostiumr

105 3078 240 3121 numero
272 3055 402 3137 habuit3
435 3055 578 3141 reliquos
610 3077 721 3120 omnes
757 3053 945 3134 obsidibus,
985 3046 1098 3140 armis,
1200 3114 1204 3123 ,

105 3161 253 3244 perfugis
276 3159 406 3223 traditis
437 3161 468 3224 in
494 3159 854 3243 deditionem'accepit.
883 3157 1106 3239 =Helvetios‚o

105 3263 275 3346 Tulingos‚
300 3263 479 3327 Latovicos
502 3264 536 3327 in
557 3262 639 3326 fines
663 3282 750 3343 suos,
774 3258 874 3325 unde
897 3257 991 3323 erent
1013 3281 1085 3345 pro-

104 3367 205 3447 fecti,
240 3367 359 3430 reverti
392 3367 508 3445 iussit,
543 3374 576 3429 et
609 3365 698 3450 quod
716 3388 719 3392 “
735 3362 886 3428 omnibus
922 3362 1084 3427 fructibus

105 3470 236 3534 amissis
272 3468 359 3533 domi
396 3468 477 3532 nihil
515 3478 602 3550 erat,
641 3489 704 3553 quo
740 3467 860 3530 famem
897 3465 1085 3548 tolerarent,

107 3571 345 3657 Allobrogibus
383 3573 579 3658 imperavit,
617 3580 654 3635 ut
690 3572 730 3636 iis
766 3569 933 3636 frumenti
957 3571 1087 3655 copiam

897 3689 934 3740 2*
