2430 4028
406 269 793 334 nfflmmma
1032 272 1093 336 m

103 487 247 551 sperans
274 462 437 529 barbaros
466 472 566 550 atque
599 464 769 548 imperitos
799 461 948 530 homines
979 465 1093 549 inopia

105 569 310 635 cibariorum
338 566 501 634 adductos
532 567 575 634 ad
606 569 752 654 iniquam
782 569 951 655 pugnandi
981 571 1091 636 eondi-

105 676 238 739 oionem
252 694 350 757 posse
364 671 496 755 deduci3
510 672 655 756 mandat,
669 682 705 737 ut
718 673 852 739 crebros
865 672 1114 759 exploratoresa

104 778 138 842 in
164 774 292 843 Suebos
323 775 453 841 mittant
481 800 630 863 quaeque
653 777 744 863 apud
773 799 830 842 eos
859 786 1016 861 gerantur
1038 801 1092 843 eo·

104 889 280 965 gnosoant.
297 878 351 944 Illi
367 881 528 964 imperata
545 881 671 945 faciunt
687 891 719 946 et
736 882 851 966 paucis
864 880 979 946 diebus
995 884 1115 948 inter-4

105 985 220 1050 missis
232 985 395 1049 referunt:
417 983 545 1049 Suebos
561 1006 685 1067 omnes,
703 994 919 1071 posteaquam
935 988 1091 1051 certiores

106 1089 216 1154 nuntii
240 1086 280 1153 de
304 1089 451 1153 exercitu
472 1088 695 1153 Romanorum
716 1090 875 1168 venerint,
899 1110 973 1153 oum
991 1091 1092 1155 omni·

104 1192 170 1258 bus
202 1193 270 1257 suis
300 1194 528 1278 sociorumque
552 1194 676 1278 copiis,
707 1216 789 1280 quas
813 1194 1013 1278 coegissent,
1037 1216 1091 1277 pe·

105 1298 197 1361 nitus
227 1296 270 1361 ad
299 1304 465 1360 extremos
492 1295 575 1360 fines
606 1318 640 1360 se
662 1299 846 1381 recepisse;
875 1295 992 1362 silvam
1019 1320 1114 1364 esses

105 1399 154 1465 ibi
186 1398 314 1464 infinita
342 1398 581 1482 magnitudine,
611 1422 695 1484 quae
725 1399 912 1484 appellatur
934 1400 1091 1484 Bacenis3

102 1503 193 1569 hano
223 1501 320 1586 longe
352 1505 514 1568 introrsus
537 1504 699 1588 pertinere
721 1512 754 1566 et
776 1524 836 1587 pro
859 1506 972 1568 nativo
996 1526 1089 1569 muro

104 1605 273 1672 obiectam
296 1602 481 1671 Cheruscos
509 1604 551 1670 ab
575 1603 693 1670 Suebis
718 1605 910 1691 Suebosque
941 1605 984 1670 ab
1008 1605 1091 1672 Che·

103 1712 214 1778 rusois
245 1711 373 1775 iniuriis
395 1710 702 1795 incursionibusque
726 1710 914 1794 prohibere:
946 1710 988 1775 ad
1020 1714 1089 1777 eius

105 1816 237 1880 initium
271 1813 373 1879 silvae
403 1811 529 1879 Suebos
564 1813 742 1880 adventum
776 1813 998 1880 Romanorum
1037 1839 1091 1880 ex·

106 1925 262 2004 spectare
286 1919 507 1983 constituisse.

199 2019 248 2085 ll.
273 2020 437 2104 Quoniam
454 2022 498 2087 ad
513 2021 600 2087 huno
615 2021 724 2086 looum
740 2033 932 2108 perventum
948 2032 1007 2107 est,
1024 2048 1090 2089 non

104 2124 250 2191 alienum
272 2146 344 2190 esse
367 2124 497 2190 videtur
520 2125 561 2190 de
584 2123 712 2190 Galliae
737 2124 999 2212 Germaniaeque
1021 2151 1088 2193 mo·

105 2228 201 2294 ribus
224 2238 266 2308 et,
290 2250 353 2314 quo
371 2227 522 2294 differant
544 2227 605 2293 hae
627 2229 779 2293 nationes
802 2231 887 2295 inter
910 2252 992 2305 sese,
1016 2253 1089 2315 pro·

102 2354 238 2418 ponere.
261 2330 301 2396 In
317 2329 428 2395 Gallia
450 2353 517 2396 non
541 2331 646 2396 solum
668 2333 701 2395 in
726 2332 877 2396 omnibus
901 2334 1110 2399 civitatibuss

102 2433 205 2521 atque
234 2436 268 2499 in
298 2433 448 2499 omnibus
479 2436 574 2519 pagis
604 2432 859 2520 [partibusque],
896 2436 954 2501 sed
983 2460 1088 2522 paene

103 2543 208 2607 etiam
231 2540 266 2603 in
289 2538 427 2623 singulis
449 2537 601 2604 domibus
624 2539 786 2604 factiones
808 2549 893 2623 sunt,
915 2563 1110 2626 earumques

105 2644 293 2709 factionum
315 2642 481 2727 principes
505 2652 580 2706 sunt
596 2643 650 2728 qui
675 2666 835 2708 summam
859 2646 1089 2709 auctoritatem

102 2767 218 2812 eorum
241 2743 362 2809 iudioio
379 2743 502 2809 habere
521 2746 761 2826 existimantur,
786 2768 924 2832 quorum
946 2746 989 2811 ad
1004 2745 1088 2812 arbi·

102 2850 203 2914 trium
227 2847 448 2935 iudiciumque
472 2871 600 2914 summa
632 2853 776 2916 omnium
804 2872 912 2916 rerum
935 2851 1087 2916 oonsilio·

103 2942 394 3038 rumque'redeat.
440 2951 557 3037 Itaque
587 2953 656 3017 eius
687 2956 736 3018 rei
772 2974 875 3018 eausa
909 2956 1110 3039 antiquitusr

104 3058 290 3122 institutum
314 3052 458 3129 videtur,
489 3057 627 3140 nequis
651 3078 693 3120 ex
717 3056 813 3141 plebe
837 3068 951 3122 contra
974 3067 1088 3142 poten·

102 3163 221 3227 tionem
237 3156 353 3222 auxilii
377 3165 503 3241 egeret:
528 3180 605 3223 suos
621 3160 706 3223 enim
731 3160 868 3245 quisque
892 3162 1032 3247 opprimi
1056 3171 1087 3225 et

102 3262 335 3329 circumveniri
347 3283 412 3326 non
426 3263 558 3344 patitur,
574 3284 689 3347 neque,
709 3261 804 3327 aliter
816 3265 843 3328 si
858 3263 968 3340 faeiat,
985 3263 1087 3328 ullam

100 3369 186 3432 inter
209 3386 290 3430 suos
307 3363 407 3429 habet
423 3366 665 3430 auctoritatem.
693 3366 788 3432 Haeo
804 3366 919 3432 eadem
935 3370 1018 3433 ratio
1036 3378 1108 3433 asts

102 3472 135 3535 in
161 3490 291 3536 summa
320 3469 419 3533 totius
444 3466 593 3532 Galliae:
623 3490 765 3555 namque
796 3493 907 3535 omnes
935 3472 1085 3536 civitates

99 3575 132 3637 in
156 3581 271 3659 partes
296 3571 423 3636 divisae
447 3584 522 3636 sunt
547 3572 639 3637 duas.
