2430 4028
371 259 481 309 Lmen
499 260 573 321 vm,
595 260 672 314 oar.
691 261 802 311 ts-ts.
1008 262 1071 328 aba

61 435 63 440 ’
89 449 188 514 Hunc
200 447 364 512 Antonius
388 449 432 513 ad
447 450 708 536 persequendum
732 453 911 536 equitatum
927 452 1071 516 hostium

89 557 199 620 mittit.
223 553 411 619 Volusenus
435 554 478 618 ad
502 578 575 620 eam
597 557 762 638 virtutem,
787 580 870 642 quae
894 554 1093 638 singularisa

91 668 163 722 erat
184 658 216 721 in
241 679 290 739 en,
308 678 465 741 magnum
490 658 599 723 odium
616 656 755 723 Commii
779 658 988 741 adiungebat,
1005 680 1069 744 quo

88 759 245 825 libentius
267 760 301 824 id
324 760 460 843 faceret,
484 761 573 845 quod
596 761 828 846 imperabatur.
866 764 983 847 Itaque
1006 761 1071 827 dis·

84 865 201 948 positis
232 863 359 927 insidiis
388 866 520 949 saepius
555 868 680 948 equites
717 868 786 930 eius
815 886 989 949 aggressus
1024 886 1071 928 se-

84 966 194 1032 cunda
210 968 338 1052 proelia
353 966 508 1033 faciebat.
533 968 729 1051 Novissime,
755 990 828 1032 cum
845 969 1091 1033 vehementiuss

85 1071 359 1152 contenderetur,
401 1092 441 1135 ac
475 1071 662 1137 Volusenus
700 1073 805 1158 ipsius
839 1070 1068 1156 intercipiendi

85 1172 224 1239 Commii
247 1175 430 1259 cupiditate
453 1177 656 1259 pertinacius
688 1199 762 1239 eum
787 1198 861 1240 cum
883 1178 999 1259 paucis
1021 1175 1068 1239 in·

85 1288 215 1343 secutus
240 1288 336 1359 esset,
360 1277 415 1342 ille
438 1287 549 1343 autem
571 1278 651 1360 fuga
669 1278 854 1343 vehementi
866 1278 1068 1343 Volusenum

85 1381 298 1465 produxisset
324 1380 477 1462 longius,
514 1382 665 1445 inimicus
693 1381 816 1446 homini
850 1404 983 1447 suorum
1016 1384 1067 1446 in-

81 1493 183 1547 vocat
217 1483 316 1547 fidem
360 1494 458 1569 atque
482 1483 656 1560 auxilium,
685 1507 726 1548 ne
754 1508 814 1549 sua
843 1486 979 1551 vulnera
1008 1508 1068 1570 per

81 1587 181 1652 fidem
214 1588 369 1671 imposita
404 1597 593 1672 paterentur
622 1590 804 1673 impunita,
842 1611 1066 1674 conversoque

84 1712 168 1776 equo
193 1713 227 1756 se
251 1714 271 1755 a
295 1693 411 1756 ceteris
434 1692 598 1756 incautius
622 1693 780 1775 permittit
802 1694 835 1755 in
851 1693 1065 1777 praefectum.

82 1795 228 1859 Faciunt
260 1794 324 1858 hoc
357 1795 444 1860 idem
480 1816 592 1859 omnes
621 1796 689 1860 eius
718 1797 842 1880 equites
876 1811 1088 1881 paucosquet·

80 1909 213 1962 nostros
236 1908 434 1963 convertunt
456 1909 555 1983 atque
578 1901 803 1983 insequuntur.
828 1897 994 1964 Commius
1018 1901 1088 1964 in-⁵

84 2022 218 2065 censum
242 2000 428 2067 calcaribus
453 2024 569 2085 equum
595 2003 770 2084 coniungit
795 2025 878 2087 equo
904 2002 1064 2082 Quadrati

81 2103 264 2188 lanceaque
298 2104 421 2169 infesta
454 2105 583 2186 magnis
617 2105 741 2169 viribus
782 2106 926 2170 medium
960 2107 1066 2171 femur

81 2207 192 2271 traicit
213 2207 384 2273 Voluseni.
429 2208 600 2272 Praefecto
624 2209 795 2272 vulnerato
823 2230 888 2273 non
912 2208 1087 2274 dubitante

81 2311 185 2376 nostri
216 2314 369 2376 resistere
399 2322 432 2378 et
462 2314 630 2377 conversis
663 2314 755 2397 equis
778 2311 907 2377 hostem
930 2310 1062 2397 pellere.

81 2413 182 2496 Quod
210 2413 266 2478 ubi
296 2416 435 2497 accidit,
471 2415 655 2499 complures
685 2415 828 2479 hostium
857 2437 976 2499 magno
1007 2439 1085 2482 no-t

80 2527 223 2582 strorum
253 2518 376 2602 impetu
405 2518 546 2602 perculsi
568 2518 784 2582 vulnerantur
812 2539 851 2581 ac
881 2521 1000 2604 partim
1028 2521 1063 2584 in

78 2624 158 2705 luga
180 2628 404 2704 proteruntur,
435 2623 555 2706 partim
587 2623 845 2705 intercipiuntur.
891 2621 990 2700 Quod
1016 2621 1063 2687 ibi

79 2723 202 2789 malum
226 2724 295 2788 dux
318 2726 393 2809 equi
416 2724 591 2788 velocitate
615 2726 768 2805 evitavit3
803 2746 842 2787 ac
866 2726 913 2789 sic
936 2724 1061 2808 proelio

79 2828 223 2894 secundo
254 2830 399 2912 graviter
429 2827 469 2891 ab
500 2850 538 2892 eo
567 2827 756 2892 vulneratus
792 2828 995 2912 praefectus,
1025 2837 1062 2892 ut

77 2933 168 2995 vitae
184 2929 363 3017 periculum
380 2931 528 2995 aditurus
544 2931 720 3013 videretur,
736 2933 875 2995 refertur
890 2933 923 2995 in
940 2940 1059 2996 castra.

79 3033 248 3099 Commius
271 3044 381 3098 autem
405 3037 473 3098 sive
489 3037 624 3118 expiato
646 3031 707 3099 'suo
725 3033 838 3099 dolore
855 3036 924 3098 sive
939 3055 1081 3120 magnas

76 3146 171 3223 parte
202 3138 324 3202 amissa
353 3159 486 3201 suorum
518 3137 647 3221 legatos
679 3138 722 3202 ad
750 3137 931 3202 Antonium
960 3139 1060 3202 mittit

76 3262 177 3326 seque
212 3249 244 3305 et
277 3239 322 3304 ibi
356 3241 521 3317 futurum,
557 3240 616 3305 ubi
649 3242 919 3326 praescripserit,
954 3251 986 3303 et
1020 3262 1059 3304 ea

74 3345 254 3424 facturum,
279 3365 362 3427 quae
385 3345 568 3428 imperarit,
604 3342 774 3408 obsidibus
797 3343 924 3424 firmat3
958 3364 1080 3408 uuums

73 3447 156 3513 illud
179 3457 268 3526 orat,
302 3455 339 3511 ut
368 3448 476 3512 timori
511 3470 569 3513 suo
593 3447 810 3530 concedatur,
845 3468 886 3511 ne
916 3448 949 3510 in
981 3466 1058 3509 con·

74 3560 226 3635 spectum
253 3552 367 3615 veniat
401 3553 591 3636 cuiusquam
620 3551 767 3616 Romani.
815 3547 915 3614 Cuius
947 3558 1056 3633 postu·

846 3670 902 3719 il*
