2430 4028
123 251 187 316 254
431 254 480 303 nn
499 252 621 304 nunno
640 248 798 303 esnnrco

123 465 199 507 esse
221 443 429 508 afficiendam
452 441 633 526 iudicabat,
655 466 697 509 ne
720 444 875 508 universa
900 439 1013 509 Gallia
1035 463 1102 507 non

125 544 187 610 sibi
208 547 295 610 vires
319 545 461 613 defuisse
477 546 521 612 ad
536 546 756 614 resistendum
772 548 930 613 Romanis
950 544 1011 612 sed
1027 567 1104 611 con·

125 650 280 715 stantiam
310 658 455 736 putaret,
484 673 567 716 neve
600 651 663 717 boc
693 652 845 738 exemplo
873 658 1003 717 ceterae
1026 651 1106 715 civi-

125 761 211 818 tates
233 752 382 818 locorum
399 757 648 840 opportunitate
664 755 768 821 betae
783 778 819 820 se
841 754 1051 821 vindicarent
1072 752 1107 818 in

102 855 330 935 elibertatem,
359 878 433 920 cum
459 856 610 923 omnibus
635 856 741 923 Gallis
770 868 886 923 notum
908 879 983 923 esse
1008 857 1108 922 sciret

123 960 282 1045 reliquam
305 982 379 1025 esse
395 982 493 1025 unam
516 970 678 1026 aestatem
695 983 773 1026 suae
788 962 988 1046 provinciae,
1007 981 1106 1046 quam

125 1066 153 1128 si
177 1065 337 1129 sustinere
354 1064 548 1148 potuissent,
573 1063 698 1130 nullum
711 1064 798 1130 ultra
816 1063 999 1150 periculum
1016 1085 1106 1128 vcre·

102 1176 246 1240 4rentur.
277 1169 389 1253 ltaque
414 1166 453 1248 Q.
478 1167 638 1234 Calenum
661 1168 807 1254 legatum
822 1190 899 1234 cnm
919 1164 1106 1253 legionibus

125 1271 272 1357 reliquit,
307 1271 362 1357 qui
395 1272 489 1336 iustis
519 1271 691 1337 itineribus
730 1272 1001 1358 subsequeretur,
1035 1270 1106 1355 ipse

129 1395 201 1438 cum
226 1375 315 1439 omni
339 1375 487 1460 equitatu
511 1395 610 1459 quam
633 1383 744 1461 potest
762 1374 929 1441 celerrime
952 1373 996 1439 ad
1014 1371 1109 1439 Cani·

125 1479 216 1542 nium
238 1476 417 1541 contendit.

212 1579 264 1644 40.
289 1580 369 1646 Cum
387 1589 503 1646 contra
520 1585 805 1667 exspectationem
821 1583 965 1647 omnium
982 1579 1108 1647 Caesar

126 1683 372 1749 Uxellodunum
401 1685 546 1750 venisset
578 1685 801 1772 oppidumque
833 1683 989 1771 operibus
1019 1684 1107 1750 clau·

128 1811 199 1853 sam
221 1788 496 1853 animadverteret
524 1809 629 1875 neque
658 1787 702 1854 ab
726 1789 975 1874 oppugnatione
997 1787 1108 1853 recedi

126 1893 254 1957 videret
279 1890 346 1956 ulla
369 1891 565 1956 condicione
587 1914 702 1978 posse,
732 1914 853 1977 magna
875 1900 986 1957 autem
1010 1895 1108 1978 copia

129 1996 283 2061 frumenti
308 1993 475 2060 abundare
492 1995 677 2082 oppidanos
694 2019 737 2061 ex
752 1996 897 2081 perfugis
920 2004 1108 2080 cognosset,

107 2123 216 2187 sequa
239 2097 413 2183 prohibere
429 2097 557 2164 hostem
580 2108 739 2183 temptare
755 2099 873 2184 coepit.
900 2096 1043 2162 Flumen
1066 2099 1110 2162 in·

127 2204 239 2268 fimam
262 2202 380 2267 vallem
398 2201 577 2278 dividebat,
602 2225 686 2287 quae
707 2211 812 2268 totum
835 2222 942 2287 paene
964 2211 1109 2267 montem

129 2306 297 2391 cingebat,
321 2309 355 2370 in
378 2329 443 2392 quo
465 2308 609 2394 positum
632 2316 704 2372 erat
726 2315 942 2393 praeruptum
963 2306 1110 2392 undique

107 2410 286 2496 eoppidum
308 2409 566 2475 Uxellodunum.
613 2410 688 2476 Hoc
723 2419 870 2476 avertere
896 2409 962 2477 loci
988 2417 1111 2475 natura

129 2514 342 2599 prohibebat3
376 2517 410 2580 in
444 2516 563 2580 infimis
599 2515 683 2581 enim
715 2517 763 2580 sic
791 2513 960 2580 radicibus
985 2513 1110 2580 montis

128 2617 304 2702 ferebatur,
324 2627 360 2682 ut
382 2617 506 2684 nullam
521 2622 554 2684 in
570 2629 698 2704 partem
716 2619 880 2705 depressis
902 2617 1003 2684 fossis
1027 2617 1111 2684 deri·

107 2722 201 2785 svari
224 2732 347 2808 posset.
370 2723 453 2787 Erat
468 2732 581 2788 autem·
602 2721 779 2808 oppidanis
795 2720 940 2789 difficilis
963 2728 997 2787 et
1020 2742 1113 2808 prae·

129 2835 243 2909 ruptus
267 2848 305 2890 eo
330 2826 524 2909 descensus,
555 2835 590 2890 ut
618 2823 866 2911 prohibentibus
892 2826 1017 2890 nostris
1041 2826 1111 2890 sine

130 2927 319 2993 vulneribus
353 2952 393 2993 ac
427 2928 571 3013 periculo
607 2930 696 2994 vitae
724 2950 830 3015 neque
865 2928 957 2994 adire
987 2928 1111 2995 flumen

109 3054 236 3118 sueque
261 3031 364 3097 arduo
389 3055 424 3097 se
440 3033 586 3117 recipere
602 3041 738 3116 possent
754 3054 903 3097 ascensu.
928 3030 1005 3113 Qua
1028 3031 1111 3097 diffi-

131 3137 252 3201 cultate
281 3159 393 3202 eorum
423 3139 557 3221 cognita
580 3134 706 3202 Caesar
734 3136 914 3221 sagittariis
940 3135 1112 3203 funditori-

130 3240 257 3325 busque
281 3240 464 3326 dispositis,
488 3241 658 3305 tormentis
682 3241 782 3304 etiam
806 3239 1006 3326 quibusdam
1028 3239 1110 3306 locis

131 3354 246 3409 contra
268 3344 442 3410 facillimos
466 3343 643 3409 descensus
667 3342 840 3409 collocatis
855 3364 944 3430 aqua
965 3342 1110 3409 fluminis

131 3447 328 3534 prohibebat
352 3448 544 3534 oppidanos.
