2430 4028
367 237 477 286 mnan
494 237 545 299 111,
566 235 641 287 cnr.
662 237 736 285 1-2.
1002 233 1043 298 63

63 435 222 510 traretur,
253 429 300 492 uti
328 428 361 492 in
383 427 435 492 his
465 426 549 492 locis
567 426 730 510 legionem
754 425 919 490 hiemandi
942 445 1044 488 causa

64 529 254 595 collocaret.
300 528 410 595 Galba
445 530 597 595 secundis
628 528 752 614 aliquot
781 528 914 614 proeliis
949 527 1065 591 lactisi

64 632 275 716 castellisque
305 632 528 719 compluribus
552 656 665 698 eorum
696 635 905 716 expugnatio,
934 631 1043 694 missis

66 736 110 800 ad
134 758 205 800 eum
228 736 373 822 undique
395 735 514 821 legatis
538 735 774 822 obsidibusque
795 736 881 800 datis
906 743 938 798 et
961 755 1043 818 pace

64 839 163 921 facta,
189 841 359 905 constituit
374 840 527 905 cohortes
552 839 634 904 duas
656 839 688 903 in
702 838 923 904 Nantuatibus
948 836 1044 901 eollo-

63 966 140 1008 care
169 952 202 1008 et
230 944 301 1027 ipse
331 966 404 1008 cum
433 942 566 1028 reliquis
596 945 666 1007 eius
689 943 828 1027 legionis
853 939 1043 1006 cohortibus

61 1047 96 1110 in
128 1047 203 1113 vico
238 1047 483 1131 Veragrorum,
525 1049 580 1132 qui
620 1046 806 1132 appellatur
844 1044 1042 1116 Octodurus,

61 1149 224 1232 hiemare,
259 1152 313 1235 qui
347 1152 440 1213 vicus
468 1152 596 1235 positus
625 1152 658 1213 in
685 1149 787 1229 valle,
823 1171 889 1213 non
923 1168 1065 1230 magnas

62 1253 194 1319 adiecta
223 1253 376 1337 planicie,
401 1252 570 1317 altissimis
598 1251 766 1317 montibus
796 1251 939 1336 undique
967 1271 1043 1313 con·

61 1359 192 1421 tinetur.
222 1355 304 1421 Cum
320 1356 373 1421 hic
396 1358 430 1420 in
454 1357 535 1422 duas
559 1364 670 1441 partes
685 1356 818 1420 flumine
834 1355 1064 1424 divideretuns

61 1460 200 1525 alteram
233 1469 361 1544 partem
395 1461 464 1523 eius
494 1460 559 1522 vici
590 1457 695 1523 Gallis
731 1458 785 1542 [ad
818 1455 1040 1544 hiemandum]

60 1564 237 1642 concessit,
259 1561 397 1629 alteram
412 1585 553 1627 vacuam
570 1561 611 1626 ab
628 1564 667 1627 iis
683 1560 832 1626 relictam
849 1562 1040 1628 cohortibus

61 1664 221 1731 attribuit.
244 1667 329 1730 Eum
353 1665 461 1730 locum
484 1665 572 1729 vallo
596 1667 751 1749 fossaque
774 1667 921 1730 munivit.

147 1769 177 1833 2.
203 1769 285 1835 Cum
308 1768 377 1834 dies
393 1768 604 1834 hibernorum
628 1769 813 1853 complures
834 1771 1039 1851 transissent,

58 1874 321 1959 frumentumque
349 1896 387 1939 eo
419 1873 618 1958 comportari
644 1873 808 1951 iussisset,
847 1871 955 1938 subito
983 1897 1040 1959 per

58 1975 286 2063 exploratores
316 1978 437 2042 certior
470 1977 577 2040 factus
612 1984 663 2040 est
696 1998 737 2039 ex
768 1998 808 2040 ea
838 1985 931 2060 parte
962 1979 1038 2053 vici,

59 2101 159 2164 quam
184 2079 290 2146 Gallis
314 2090 543 2160 concesserat,
575 2101 688 2144 omnes
711 2089 812 2144 noctu
836 2080 1037 2161 discessisse,

56 2191 263 2268 montesque,
289 2186 344 2269 qui
359 2183 594 2270 impenderent,
618 2207 638 2247 a
663 2186 809 2249 maxima
832 2183 1038 2250 multitudine

57 2285 265 2351 Sedunorum
300 2296 332 2350 et
366 2287 569 2372 Veragorum
606 2289 719 2352 tener-i.
764 2288 801 2352 ld
840 2287 964 2373 aliquot
998 2288 1060 2354 dea

56 2391 170 2454 causis
203 2389 385 2466 acciderat,
418 2401 455 2456 ut
490 2389 596 2455 subito
627 2390 716 2456 Galli
744 2389 820 2454 belli
856 2392 1037 2457 renovandi

54 2491 261 2578 legionisque
276 2495 509 2580 opprimendae
521 2493 692 2559 consilium
701 2503 872 2579 caperent:
887 2497 1059 2579 primumn

55 2594 148 2679 quod
180 2595 343 2680 legionem
376 2619 482 2683 neque
515 2619 589 2661 eam
623 2596 847 2682 plenissimam
881 2597 1037 2662 detractis
1140 2611 1145 2622 ·

55 2697 248 2763 cohortibus
278 2697 405 2764 duabus
438 2709 471 2765 et
499 2698 722 2784 compluribus
747 2699 952 2784 singillatim,
982 2704 1036 2786 qui

55 2810 260 2866 commeatus
277 2802 408 2887 petendi
424 2824 527 2868 causa
542 2805 632 2868 missi
652 2812 755 2881 erant,
777 2812 911 2888 propter
925 2805 1035 2888 pauci·

53 2914 160 2970 tatem
182 2904 425 2991 despiciebant;
450 2915 516 2972 tum
534 2909 642 2986 etiarn,
668 2908 756 2992 quod
772 2917 906 2994 propter
921 2910 1058 2992 iniqui-⁴

53 3016 158 3074 tatem
179 3008 259 3086 loci,
283 3032 358 3077 cum
380 3011 443 3096 ipsi
465 3032 508 3075 ex
534 3009 700 3075 montibus
723 3012 755 3074 in
780 3010 899 3076 vallem
923 3011 1034 3076 decur-

52 3120 166 3178 rerent
187 3122 220 3178 et
240 3113 308 3179 tela
331 3115 526 3193 conicerent,
554 3137 595 3179 ne
618 3117 759 3200 primum
783 3114 912 3199 quidem
936 3138 1034 3200 posse

52 3218 214 3302 impetum
237 3239 332 3282 suum
360 3219 513 3283 sustineri
540 3217 785 3283 existimabant.
830 3216 1056 3301 Accedebat,s

53 3318 145 3406 quod
168 3342 245 3385 suos
268 3319 310 3384 ab
335 3342 369 3384 se
392 3318 512 3385 liberos
529 3318 715 3385 abstractos
734 3319 885 3384 obsidum
902 3323 1033 3387 nomine

53 3422 213 3488 dolebant
247 3431 280 3488 et
301 3422 468 3489 Romanos
502 3445 568 3487 non
602 3422 707 3487 solum
741 3423 892 3487 itinerum
921 3446 1034 3508 causa,

53 3525 112 3592 sed
148 3527 248 3591 etiam
276 3535 453 3613 perpetuae
482 3527 700 3611 possessionis
729 3524 872 3590 culmina
900 3525 1033 3612 Alpium

1157 1464 1194 1507 s
