2430 4028
345 260 456 310 menn
473 261 534 324 vu,
553 259 629 311 etr.
648 259 759 309 24-27.
986 260 1046 324 187

68 457 228 523 memoria
256 456 363 520 visum
391 451 665 539 praetereundum
688 473 754 516 non
777 451 1049 516 existimavimus.

65 559 212 641 Quidam
234 567 311 624 ante
333 565 463 642 portam
487 556 600 643 oppidi
620 556 737 622 Gallus
760 578 818 640 per
841 578 957 621 manus
980 558 1072 620 sevis

62 688 103 730 ac
127 662 210 749 picis
234 662 374 728 traditas
403 659 519 745 glebas
548 661 715 746 inignem
745 683 763 724 e
790 662 923 743 regione
952 661 1049 723 turris

65 767 271 853 proiciebat3
312 766 485 848 scorpione
519 764 561 828 ab
600 762 703 828 latere
738 763 854 827 dextro
893 764 1049 828 traiectus

62 872 339 955 exanimatusque
374 869 529 934 concidit.
566 869 663 932 Hunc
702 891 744 932 ex
778 869 937 952 proximis
966 889 1071 930 unuss

62 977 228 1039 iacentem
239 982 464 1056 transgressus
482 972 597 1038 eodem
614 972 669 1037 illo
685 995 818 1037 munere
834 971 1049 1056 fungebatur3

61 1076 182 1142 eadem
206 1077 332 1141 ratione
355 1077 421 1141 ictu
445 1077 630 1160 scorpionis
653 1075 843 1141 exanimato
867 1076 961 1140 alteri
979 1096 1049 1139 suc-

64 1181 167 1244 cessit
190 1181 305 1243 tertius
328 1187 361 1242 et
383 1179 478 1243 tertio
503 1188 656 1264 quartae,
681 1201 741 1243 nec
765 1180 855 1264 prius
878 1177 933 1243 ille
956 1187 1071 1242 estas

61 1281 364 1367 propugnatoribus
399 1302 523 1346 vacuus
558 1280 691 1346 relictus
726 1280 841 1362 locus,
874 1303 971 1365 quam
1001 1304 1048 1345 re·

62 1388 186 1451 stineto
211 1408 329 1470 aggere
353 1395 451 1469 atque
475 1385 562 1449 omni
586 1408 628 1449 ex
647 1394 741 1469 parte
765 1384 925 1450 submotis
951 1385 1048 1448 hosti·

59 1490 124 1555 bus
148 1488 223 1553 finis
247 1497 296 1553 est
318 1487 486 1572 pugnandi
509 1488 627 1552 factus.

149 1589 201 1654 26.
227 1589 347 1656 Omnia
363 1593 490 1676 experti
508 1589 606 1672 Galli,
625 1591 713 1676 quod
735 1615 787 1656 res
807 1590 897 1656 nulla
920 1613 1048 1656 succes-

65 1703 166 1768 serat,
196 1703 328 1779 postero
363 1694 416 1759 die
449 1695 623 1759 eonsilium
659 1705 815 1779 ceperunt
848 1719 891 1760 ex
926 1694 1047 1781 oppido

61 1797 238 1882 profugere
261 1798 412 1862 hortante
436 1807 467 1861 et
490 1797 623 1862 iubente
640 1798 920 1882 Vercingetorige.
943 1798 983 1864 Id
1007 1800 1070 1863 sia

61 1901 162 1967 lentio
187 1901 292 1967 noctis
309 1904 418 1966 conati
441 1923 507 1967 non
532 1924 651 1987 magna
675 1905 803 1968 iactura
819 1925 952 1968 suorum
976 1926 1047 1969 sese

60 2006 237 2070 effecturos
266 2004 457 2088 sperabant,
493 2015 668 2090 propterea
699 2007 786 2092 quod
817 2029 922 2092 neque
950 2007 1047 2091 longe

60 2108 102 2174 ab
129 2107 252 2194 oppido
277 2118 385 2172 castra
409 2108 688 2193 Vercingetorigis
711 2110 863 2191 aberant,
886 2119 918 2174 et
941 2109 1046 2195 palus,
1120 2172 1122 2176 ,

60 2234 147 2297 quae
171 2221 330 2296 perpetua
352 2210 586 2294 intercedebat,
611 2212 778 2276 Romanos
810 2212 852 2276 ad
876 2216 1046 2298 insequen-

61 2315 141 2380 dum
164 2313 329 2379 tardabat.
346 2314 482 2399 Iamque
497 2313 560 2378 hoc
579 2316 688 2379 faeere
705 2326 804 2380 noctu
826 2315 1069 2401 apparabant,s

60 2439 136 2487 eum
166 2417 434 2483 matresfamiliae
463 2428 595 2503 repente
625 2420 657 2480 in
683 2417 849 2503 publicum
878 2441 1046 2504 procurre-

59 2528 138 2585 runt
159 2519 340 2604 flentesque
360 2521 529 2605 proiectae,
549 2520 591 2585 ad
616 2520 716 2605 pedes
741 2544 871 2587 suorum
897 2523 1046 2588 omnibus

60 2620 217 2707 precibus
247 2625 419 2708 petierunt,
451 2647 491 2689 ne
521 2647 556 2689 se
579 2634 611 2688 et
634 2646 824 2689 communes
847 2624 968 2690 liberos
991 2627 1046 2690 ho-

59 2725 166 2791 stibus
190 2725 233 2790 ad
257 2725 453 2811 supplicium
477 2726 643 2810 dederent,
680 2750 762 2812 quos
787 2728 829 2792 ad
853 2730 1045 2814 capiendam

58 2831 173 2913 fugam
196 2836 334 2894 naturae
365 2839 397 2894 et
424 2831 542 2895 virium
565 2830 737 2895 infirmitas
759 2831 941 2916 impediret.
980 2833 1045 2898 Ubi
1055 2856 1072 2906 s,

58 2957 116 3000 eos
140 2935 175 2999 in
198 2935 360 2998 sententia
383 2943 527 3017 perstare
551 2934 711 3010 viderunt,
743 2934 833 3020 qued
856 2935 1046 3021 plerumque

57 3040 90 3102 in
116 3059 244 3103 summo
268 3035 413 3122 periculo
432 3037 530 3102 timor
552 3037 811 3103 misericordiam
829 3061 895 3104 non
917 3042 1044 3125 recipit,

60 3139 271 3206 conclamare
286 3149 319 3205 et
335 3139 522 3224 significare
535 3139 576 3203 de
592 3140 672 3224 fuga
683 3141 843 3206 Romanis
856 3154 1044 3228 coeperunt.

59 3244 135 3325 Quo
160 3244 277 3308 timore
299 3245 462 3328 perterriti
494 3242 593 3321 Galli,
616 3267 657 3310 ne
691 3243 733 3308 ab
758 3247 905 3330 equitatu
928 3246 1066 3312 Roma-⁵

57 3369 175 3413 norum
204 3349 276 3412 viae
305 3357 635 3433 praeoccuparentur,
671 3349 807 3414 consilio
842 3349 1045 3415 destiterunt.

145 3448 199 3514 27.
224 3449 357 3515 Postero
390 3450 441 3514 die
465 3448 591 3516 Caesar
613 3460 764 3535 promota
794 3455 873 3518 turri
898 3452 1043 3518 directis-

57 3576 121 3637 que
145 3550 309 3637 operibus,
333 3575 417 3636 quae
439 3553 550 3618 faeere
570 3554 765 3636 instituerat,
783 3577 902 3638 magno
928 3565 1041 3619 coorto
