2430 4028
137 255 197 319 122
437 256 487 306 on
506 253 626 304 sunno
646 252 805 304 cronico

135 468 220 528 cere,
245 467 383 532 quorum
407 444 491 510 alter
508 445 600 510 milia
622 467 781 531 passuum
804 446 934 511 circiter
956 445 1120 530 quinqua·

102 581 127 619 ιο
136 551 245 633 ginta,
281 548 364 613 alter
386 548 485 634 paulo
516 548 657 635 amplius
687 547 729 614 ab
760 551 800 614 iis
830 548 927 615 absit.
972 546 1063 614 Illud
1087 570 1122 612 sc

136 652 286 740 polliceri
317 664 350 718 et
372 653 580 719 iureiurando
604 653 814 736 confirmare,
843 661 948 717 tutum
975 653 1041 717 iter
1063 674 1124 737 per

102 789 125 826 ιι
136 756 218 821 fines
247 756 408 822 daturum.
454 755 554 837 Quod
582 757 799 837 consociat,
832 765 865 821 et
893 755 1025 820 civitati
1049 776 1125 820 sese

137 858 324 944 consulere,
360 860 449 947 quod
478 857 621 926 hibernis
650 858 790 936 levetur,
825 868 858 924 et
886 855 1026 924 Caesari
1060 880 1124 945 pro

137 965 206 1029 eius
235 965 359 1028 meritis
387 965 527 1047 gratiam
557 963 685 1027 referre.
732 963 808 1026 Hac
832 963 980 1028 oratione
1007 962 1126 1028 habita

138 1066 279 1133 discedit
300 1065 484 1132 Ambiorix.

224 1168 276 1234 28.
301 1170 476 1256 Arpineius
501 1179 533 1235 et
549 1171 673 1253 Iunius,
698 1192 781 1256 quae
802 1170 986 1246 audierunt,
1010 1171 1057 1236 ad
1081 1172 1128 1240 le.

139 1287 236 1357 gatos
261 1274 422 1339 deferunt.
447 1273 499 1338 Illi
522 1277 695 1361 repentina
717 1297 753 1338 re
777 1272 970 1358 perturbati,
994 1276 1059 1340 etsi
1083 1275 1126 1340 ab

139 1378 233 1442 hoste
257 1401 298 1444 ca
321 1378 531 1460 dicebantur,
558 1387 670 1444 tamen
693 1399 761 1443 non
783 1375 989 1463 neglegenda
1012 1381 1126 1444 existi·

140 1481 278 1547 mabant
305 1485 515 1568 maximeque
545 1482 609 1547 hac
637 1504 673 1545 re
704 1479 1000 1565 permovebantur,
1037 1481 1126 1566 quod

142 1588 309 1651 civitatem
340 1584 519 1670 ignobilem
549 1595 647 1669 atque
669 1583 825 1649 humilem
846 1583 1042 1650 Eburonum
1065 1608 1127 1651 sua

142 1697 259 1775 sponte
293 1687 416 1774 populo
445 1689 594 1753 Romano
624 1687 746 1753 bellum
777 1688 887 1753 facere
920 1711 1040 1754 ausam
1067 1692 1127 1755 vix

120 1801 214 1858 terat
236 1790 445 1857 credendum.
469 1790 586 1876 Itaque
611 1790 653 1855 ad
676 1789 846 1856 consilium
869 1813 939 1855 rem
962 1789 1125 1874 deferunt,

142 1916 329 1980 magnaque
357 1897 442 1960 inter
470 1917 526 1960 eos
557 1897 688 1960 exsistit
718 1897 954 1960 controversia.
998 1895 1126 1962 Lucius

121 1997 385 2064 oAurunculeius
415 1999 669 2084 compluresque
696 1999 819 2064 tribuni
841 1999 981 2064 militum
1005 2009 1041 2064 et
1063 2001 1127 2084 pri·

143 2125 270 2167 morum
300 2102 450 2168 ordinum
472 2105 681 2168 centuriones
710 2102 792 2167 nihil
814 2113 936 2169 temere
961 2101 1126 2186 agendum

143 2228 248 2292 neque
282 2229 325 2270 ex
358 2205 503 2272 hibernis
537 2208 663 2272 iniussu
700 2204 853 2272 Caesaris
888 2206 1126 2274 discedendum

122 2309 396 2375 rexistimabant:
419 2311 612 2395 quantasvis
630 2311 745 2396 copias
768 2311 869 2375 etiam
885 2308 1127 2377 Germanorum

146 2414 297 2478 sustineri
321 2435 420 2499 posse
442 2415 576 2479 munitis
598 2413 743 2479 hibernis
772 2413 938 2480 docebant
960 2436 1034 2482 rem
1057 2437 1128 2481 csso

146 2518 350 2598 testimonio,
381 2516 468 2602 quod
497 2520 638 2602 primum
668 2518 813 2583 hostium
835 2517 995 2602 impetum
1017 2518 1128 2584 multis

123 2621 231 2686 cultro
260 2619 450 2687 vulneribus
486 2620 587 2687 illatis
616 2622 796 2688 fortissime
827 2621 1064 2705 sustinuerint3
1095 2644 1128 2686 re

145 2728 360 2791 frumentaria
376 2748 442 2790 non
457 2729 577 2810 premi3
602 2727 728 2790 interea
743 2733 776 2790 et
791 2747 833 2791 ex
849 2724 1009 2810 proximis
1025 2725 1131 2791 hibere

125 2833 197 2895 onis
214 2839 246 2894 et
264 2853 284 2893 a
301 2829 445 2895 Caesare
461 2840 662 2895 conventura
679 2829 842 2912 subsidia3
866 2838 1036 2915 postremo
1053 2828 1129 2915 quid

148 2956 219 2998 esse
254 2933 358 2999 levius
393 2940 449 2997 aut
482 2936 625 3018 turpius,
660 2956 758 3018 quam
792 2940 928 2998 auctore
962 2931 1061 2999 hoste
1090 2931 1130 2997 de

149 3039 283 3103 summis
306 3038 403 3103 rebus
428 3059 546 3123 capere
569 3036 766 3101 consilium?

235 3140 287 3203 29.
311 3139 437 3206 Contra
453 3163 494 3205 ea
508 3140 654 3205 Titurius
671 3162 743 3204 sero
760 3140 906 3205 facturos
922 3137 1129 3217 clamitabat,

149 3266 224 3309 cum
257 3247 397 3310 maiores
431 3267 549 3310 manus
579 3244 722 3309 hostium
757 3244 921 3309 adiunctis
952 3241 1129 3308 Germanis

150 3352 397 3433 convenissent,
423 3359 480 3414 aut
502 3372 578 3414 cum
601 3348 726 3435 aliquid
742 3348 941 3413 calamitatis
963 3347 997 3411 in
1019 3347 1131 3433 proxi·

128 3454 212 3520 amis
237 3450 389 3531 ¹hibernis
423 3462 510 3517 esset
538 3460 720 3536 acceptum.
766 3450 903 3515 Brevem
936 3447 1131 3514 consulendi

150 3577 224 3620 esse
247 3557 465 3622 occasionem.
510 3552 689 3620 Caesarem
711 3552 865 3619 arbitrari
887 3551 1076 3638 profectum
1096 3553 1131 3617 in
