2430 4028
120 269 183 334 202
424 270 474 318 DE
493 267 614 318 BELLO
634 267 794 319 GALLICO

122 460 293 545 defatigati
312 483 376 525 non
407 460 504 526 facile
534 471 680 526 recentes
704 469 804 546 atque
833 462 979 545 integros
1016 461 1106 524 susti·

120 565 257 630 nebant.

206 667 257 733 49.
283 666 421 749 Caesar,
451 689 524 732 cum
548 669 659 753 iniquo
682 668 756 734 loco
789 670 927 753 pugnari
949 668 1107 733 hostium·

122 795 184 856 que
218 773 330 855 augeri
365 773 479 856 copias
515 770 661 854 videret,
695 782 927 859 praemetuens
962 772 1033 837 suis
1067 770 1108 836 ad

122 877 231 940 Titum
266 873 416 939 Sextium
451 874 606 956 legatum,
643 897 739 960 quem
773 874 954 941 minoribus
989 877 1108 941 eastris

122 978 287 1064 praesidio
317 977 511 1060 reliquerat,
547 979 645 1061 misit,
675 988 711 1043 ut
734 978 887 1044 cohortes
915 1002 959 1044 ex
990 981 1108 1044 castris

123 1082 272 1146 celeriter
306 1081 462 1145 educeret
495 1089 527 1144 et
561 1080 621 1145 sub
653 1082 764 1147 infimo
795 1082 880 1148 colle
911 1081 955 1148 ab
991 1083 1107 1147 dextro

101 1184 225 1250 alatere
248 1184 391 1248 hostium
414 1187 638 1263 constitueret,
663 1195 708 1266 ut,
743 1187 770 1250 si
793 1196 924 1251 nostros
953 1185 1032 1252 loco
1058 1185 1108 1251 de·

124 1287 236 1372 pulsos
260 1287 415 1369 vidisset,
455 1310 517 1372 quc
548 1289 654 1353 minus
685 1287 786 1353 libere
813 1289 926 1354 hostes
960 1291 1108 1375 inseque-

102 1400 252 1471 srentur,
291 1399 435 1455 terreret.
474 1390 550 1474 Ipse
588 1391 722 1476 paulum
761 1414 804 1457 ex
842 1414 881 1457 eo
920 1391 996 1457 loco
1037 1414 1108 1457 cum

125 1494 253 1577 legione
270 1516 474 1578 progressus,
499 1493 555 1558 ubi
580 1497 784 1579 constiterat,
808 1503 963 1561 eventum
979 1517 1110 1581 pugnae

125 1597 353 1682 exspectabat.

210 1698 262 1765 50.
287 1699 369 1765 Cum
386 1704 543 1766 acerrime
567 1703 747 1768 comminus
763 1711 976 1787 pugnaretur,
999 1700 1111 1767 hostes

124 1821 196 1885 loco
228 1815 260 1868 et
287 1827 438 1887 numero,
474 1808 576 1869 nostri
601 1808 722 1870 virtute
746 1805 968 1884 confiderent,
1003 1804 1110 1870 subito

126 1919 200 1972 sunt
236 1909 341 1973 Aedui
375 1911 436 1973 visi
473 1909 514 1971 ab
554 1910 655 1973 latere
694 1911 816 1974 nostris
851 1917 990 1994 aperto,
1032 1931 1111 1994 quos

127 2012 250 2076 (laesar
280 2013 322 2077 ab
355 2014 471 2077 dextra
496 2022 588 2098 parte
621 2013 684 2077 alio
710 2034 851 2078 ascensu
881 2034 999 2077 manus
1025 2013 1113 2078 disti-

105 2117 253 2182 ·2nendae
288 2139 392 2182 causa
427 2119 571 2181 miserat.
621 2117 662 2179 Hi
699 2115 910 2181 similitudine
948 2138 1113 2182 armorum

127 2222 334 2286 vehementer
356 2230 486 2285 nostros
504 2229 757 2304 perterruerunt,
782 2242 821 2284 ac
837 2221 971 2285 tametsi
987 2218 1112 2285 dextris

126 2327 245 2388 urrreris
277 2326 415 2389 exsertis
449 2323 816 2404 animadvertebantur,
863 2323 951 2408 quod
982 2324 1111 2407 insigne

128 2438 283 2512 pacatum
318 2449 388 2491 esse
423 2437 608 2491 consuerat.
644 2436 754 2492 tamen
786 2427 819 2491 id
843 2427 950 2512 ipsum
980 2429 1033 2491 sui
1057 2427 1114 2491 fal·

128 2532 216 2596 lendi
233 2554 334 2596 causa
357 2531 478 2596 milites
495 2531 536 2594 ab
553 2529 703 2594 hostibus
726 2529 852 2594 factum
868 2528 1115 2595 existimabant.

106 2635 258 2699 allodem
282 2646 428 2720 tempore
451 2635 575 2698 Lucius
592 2632 716 2697 Fabius
740 2635 888 2699 centurio
905 2635 1030 2720 quique
1053 2655 1116 2699 una

130 2762 257 2803 murum
271 2739 489 2802 ascenderant
502 2738 715 2802 circumventi
732 2745 831 2822 atque
846 2735 1014 2802 interfecti
1024 2757 1115 2802 muro

108 2842 444 2927 ipruecipitabantur.
471 2842 603 2906 Marcus
615 2841 798 2919 Petronius,
812 2840 963 2905 eiusdem
979 2840 1116 2925 legionis

132 2947 289 3028 centurio,
307 2968 381 3010 cum
398 2955 509 3030 portas
534 2945 686 3009 excidere
703 2953 843 3010 conatus
859 2952 956 3025 esset,
973 2968 995 3009 a
1009 2946 1115 3011 multi·

132 3049 244 3114 tudine
269 3070 445 3134 oppressus
471 3070 510 3112 ac
535 3047 596 3111 sibi
620 3047 800 3132 desperans
822 3045 933 3112 multis
962 3050 1032 3113 iam
1054 3048 1117 3113 vul·

133 3151 266 3216 neribus
291 3155 439 3236 acceptis
469 3149 730 3235 manipularibus
754 3153 840 3231 suis,
874 3150 930 3236 qui
953 3150 1050 3217 illum
1072 3174 1115 3217 se

133 3257 198 3319 enti
231 3265 335 3332 erant,
363 3250 551 3340 ²quoniam',
587 3256 713 3339 inquit,
744 3251 812 3318 ‘me
844 3276 911 3319 una
944 3252 1116 3321 vobiscum

134 3382 265 3423 servare
299 3381 364 3423 non
394 3380 545 3443 possum,
580 3367 709 3422 vestrae
744 3358 875 3443 quidem
909 3368 1001 3423 certe
1032 3360 1116 3423 vitae

134 3465 356 3549 prospiciam,
396 3483 478 3547 quos
514 3461 695 3545 cupiditate
728 3459 854 3544 gloriae
888 3458 1056 3526 adductus
1087 3461 1116 3525 in

132 3567 317 3652 periculum
341 3564 475 3629 deduxi.
523 3563 592 3627 Vos
624 3564 702 3628 data
730 3562 888 3628 facultate
917 3561 1014 3630 vobis
1044 3586 1116 3630 con·
