2430 4028
125 254 188 320 248
434 255 484 304 DE
502 253 621 306 BELLO
641 253 800 304 GALLIOO

124 455 235 512 tamen
264 444 381 510 doctus
411 443 453 510 ab
480 445 531 523 iis,
560 445 615 531 qui
642 443 791 510 locorum
820 453 984 512 noverant
1013 454 1106 514 natu·

125 571 210 631 ram,
245 549 450 633 potissimum
488 547 627 614 credidit
658 547 770 613 hostes
808 549 998 632 perterritos
1033 571 1107 614 eum

103 653 244 734 slocum,
268 673 365 737 quem
387 651 554 737 petebant,
570 652 740 736 petituros.
763 650 881 738 Itaque
904 674 980 719 cunr
1001 654 1107 740 copiis

125 756 168 820 ad
192 755 330 821 eundem
359 764 492 840 pontem
514 754 683 821 contendit
711 756 956 843 equitatumque
977 764 1108 822 tantum

124 860 303 946 procedere
325 869 401 924 ante
430 881 548 943 agmen
573 860 713 944 imperat
735 859 917 944 legionum,
947 870 1107 948 qnantum

125 985 201 1028 cum
238 965 473 1049 processisset,
509 967 579 1029 sine
612 963 846 1046 defatigatione
880 984 1041 1050 equorum
1073 966 1106 1028 in

104 1066 240 1131 eoadem
275 1089 309 1131 se
342 1069 502 1153 reciperet
529 1076 649 1133 castra.
696 1065 947 1155 Conseqnuntnr
980 1071 1106 1155 equites

124 1172 244 1248 nostri,
279 1178 315 1234 ut
343 1178 414 1234 erat
444 1180 669 1256 praeceptum,
693 1170 918 1257 invaduntque
939 1170 1107 1236 Dumnaci

126 1297 243 1359 agmen
272 1282 304 1339 et
336 1274 498 1358 fugientes
533 1275 787 1360 perterritosque
816 1274 876 1339 sub
901 1275 1041 1340 sarcinis
1073 1279 1107 1340 in

123 1380 238 1443 itinere
261 1380 408 1463 aggressi
430 1400 550 1462 magna
572 1378 699 1464 praeda
713 1377 823 1443 multis
842 1377 1025 1443 interfectis
1048 1400 1106 1463 po·

125 1482 257 1545 tiuntur.
286 1481 339 1546 Ita
361 1504 397 1545 re
419 1479 502 1545 bene
525 1490 620 1565 gesta
643 1503 678 1546 se
700 1482 863 1566 recipiunt
884 1483 918 1546 in
940 1489 1064 1547 castra.

211 1584 261 1648 28.
286 1585 476 1671 Insequenti
502 1593 600 1649 nocte
623 1584 747 1649 Fabius
770 1581 903 1671 {equites
925 1585 1109 1669 praemittit

125 1692 172 1754 sic
195 1697 340 1773 paratos,
363 1697 399 1753 ut
422 1688 634 1772 confligerent
657 1697 755 1774 atque
779 1710 874 1753 omne
897 1709 1017 1772 agmen
1037 1711 1108 1755 mo·

103 1801 283 1875 ararentur,
309 1791 386 1857 dum
409 1800 663 1877 consequeretur
685 1793 765 1877 ipse.
795 1790 896 1862 Cuius
918 1794 1108 1877 praeceptis

123 1905 234 1961 utres
257 1905 431 1980 gereretur,
463 1894 604 1976 Quintus
633 1895 729 1961 Atius
759 1894 884 1971 Varus,
916 1895 1107 1979 praefectus

124 2001 278 2085 equitum,
303 1999 478 2082 singularis
502 2008 535 2064 et
559 2000 659 2064 animi
681 2008 714 2064 et
731 1998 924 2084 prudentiae
941 2001 1003 2082 vir,
1028 2023 1108 2067 suos

123 2105 273 2168 hortatur
285 2125 466 2189 agmenque
479 2103 624 2168 hostium
635 2111 833 2169 consecutus
845 2111 971 2169 turmas
983 2107 1109 2187 partim

122 2206 251 2272 idoneis
273 2207 355 2271 locis
378 2206 532 2293 disponit,
556 2216 649 2291 parte
673 2207 818 2292 equitum
833 2205 995 2291 proelium
1017 2229 1108 2274 oom-

102 2312 231 2379 smittit.
269 2309 424 2394 Confligit
446 2309 603 2375 audacius
633 2312 797 2396 equitatus
826 2309 970 2376 hostium
992 2331 1107 2377 succe

123 2413 274 2479 dentibus
292 2413 355 2478 sibi
373 2413 555 2499 peditibus;
580 2416 634 2499 qui
657 2422 726 2478 toto
743 2416 872 2497 agmine
887 2412 1106 2479 subsistentes

100 2515 285 2602 sequitibus
314 2518 381 2581 suis
404 2526 519 2581 contra
541 2525 673 2581 nostros
702 2517 812 2581 ferunt
833 2515 1004 2581 auxilium.
1049 2517 1122 2581 Pit⁴

122 2620 281 2706 proelium
305 2623 373 2684 acri
396 2621 585 2685 certamine.
613 2621 763 2706 Namque
785 2619 890 2686 nostri
905 2621 1106 2706 contemptis

121 2722 226 2807 pridie
260 2724 422 2807 superatis
453 2722 625 2806 hostibus,
659 2745 733 2787 cum
769 2721 924 2810 subsequi
955 2722 1105 2808 legiones

121 2827 353 2908 meminissent,
378 2835 411 2890 et
424 2826 551 2911 pudore
573 2825 711 2891 cedendi
734 2835 766 2891 et
789 2825 969 2912 cupiditate
984 2848 1046 2913 per
1069 2850 1105 2893 se

122 2929 317 2994 conficiendi
346 2930 461 3015 proelii
491 2930 669 2994 fortissime
702 2938 821 2995 contra
849 2929 979 3016 pedites
1008 2952 1105 3018 proe-

101 3033 251 3115 sliantur,
264 3032 441 3119 hostesque
456 3032 537 3098 nihil
552 3034 694 3118 amplius
707 3035 875 3119 copiarum
893 3054 1105 3102 accessurum

123 3137 304 3213 credentes,
333 3146 369 3201 ut
390 3137 495 3223 pridie
518 3145 753 3222 cognoverant,
784 3136 915 3204 delendi
937 3141 1105 3224 equitatus

121 3241 225 3305 nostri
246 3242 335 3305 nacti
359 3243 565 3306 occasionem
589 3239 794 3306 videbantur.

207 3341 259 3410 29.
291 3343 373 3410 (ium
397 3344 598 3429 aliquamdiu
622 3367 750 3410 summa
777 3345 987 3411 contentione
1010 3345 1105 3414 dimi·

122 3457 261 3528 caretur,
287 3447 480 3512 Dumnacus
503 3449 635 3512 instruit
657 3449 776 3530 aciem,
811 3469 895 3532 quae
923 3449 993 3515 suis
1016 3459 1106 3517 esset

126 3549 288 3634 equitibus
311 3551 343 3615 in
359 3552 465 3616 vicem
487 3551 663 3637 praesidio,
687 3574 762 3617 oum
784 3560 919 3637 repente
934 3551 1105 3620 confertae
