2430 4028
138 261 181 323 34
446 262 497 310 na
515 261 636 312 nunno
657 261 815 314 1111111

138 457 170 519 in
188 451 332 517 Galliam
354 453 486 518 venisse
510 473 609 536 quam
631 453 788 540 populum
804 456 997 523 Romanum.
1021 459 1125 526 Num·

139 580 237 641 quam
261 564 336 620 ante
357 555 422 621 hoc
455 564 584 642 tempus
629 560 810 623 exercitum
837 560 950 646 populi
974 565 1117 630 Romani

116 660 271 728 eGalliae
285 662 475 745 provinciae
490 660 611 725 finibus
630 683 808 746 egressum.
826 662 913 744 Quid
930 664 993 731 sibi
1012 665 1124 751 vellet,

139 767 252 829 curin
276 787 352 829 suas
377 764 602 849 possessiones
625 766 773 830 veniret?
796 766 1003 834 Provinciam
1027 792 1124 836 suam

138 868 224 932 hanc
254 891 325 934 esse
357 867 520 952 Galliam,
552 871 637 934 sicut
667 869 758 936 illam
781 881 937 938 nostram.
983 874 1028 940 Ut
1059 877 1124 960 ipsi

140 970 277 1035 concedi
300 994 365 1035 non
390 980 565 1056 oporteret,
600 974 626 1036 si
648 975 682 1037 in
704 982 835 1040 nostros
858 976 939 1042 fines
962 979 1123 1064 impetum

139 1077 272 1149 faceret,
297 1077 344 1139 sic
367 1076 445 1140 item
467 1097 528 1139 nos
551 1097 624 1140 esse
646 1079 787 1162 iniquos,
812 1079 899 1164 quod
922 1082 954 1144 in
972 1104 1030 1147 suo
1054 1084 1125 1148 iure

116 1206 174 1252 ase
197 1178 488 1264 interpellaremus.
513 1180 612 1262 Quod
635 1181 754 1246 fratres
777 1181 912 1248 Aeduos
935 1185 1123 1270 appellatos

139 1285 271 1366 diceret,
287 1306 352 1346 non
377 1306 411 1346 se
434 1292 502 1346 tam
518 1282 697 1349 barbarum
721 1307 826 1371 neque
842 1295 910 1352 tam
934 1289 1124 1372 imperitum

138 1411 210 1453 esse
234 1409 357 1469 rerum,
388 1395 514 1450 utnon
538 1390 635 1452 sciret
661 1409 766 1473 neque
797 1388 883 1455 bello
906 1388 1124 1476 Allobrogum

138 1494 288 1578 proximo
323 1489 457 1555 Aeduos
492 1490 649 1556 Romanis
685 1493 843 1557 auxilium
874 1493 987 1559 tulisse
1016 1518 1124 1581 neque

137 1598 227 1680 ipsos
256 1596 291 1658 in
318 1594 369 1658 his
397 1595 679 1676 contentionibus,
715 1619 796 1681 quas
820 1597 928 1663 Aedui
950 1620 1063 1664 secum
1092 1611 1125 1665 at

138 1721 212 1763 cum
243 1698 405 1783 Sequanis
434 1696 642 1780 habuissent,
678 1701 802 1765 auxilio
838 1701 952 1786 populi
981 1702 1124 1767 Romani

104 1827 215 1870 1111111
240 1825 322 1867 1111.
361 1800 491 1865 Debere
516 1824 549 1865 11
578 1804 739 1888 suspicari
769 1803 923 1869 simulata
947 1804 1125 1871 Caesarem

139 1909 293 1988 amicitia,
317 1905 405 1991 quod
429 1906 609 1970 exercitum
632 1909 665 1971 in
690 1906 800 1972 Gallia
823 1906 954 1989 habeat,
990 1910 1040 1973 sui
1064 1932 1123 1994 op·

104 2010 301 2097 nprimendi
335 2032 436 2074 causa
471 2009 603 2075 habere.
649 2010 714 2091 Qui
750 2013 814 2076 nisi
848 2011 987 2077 decedat
1023 2021 1124 2098 atque

139 2115 319 2180 exercitum
354 2113 498 2180 deducat
531 2138 574 2179 ex
602 2114 652 2179 his
681 2115 888 2200 regionibus,
924 2139 996 2181 sese
1030 2115 1124 2182 illum

104 2242 204 2284 nnon
227 2242 287 2305 pro
312 2221 416 2284 amico
442 2220 499 2283 sed
522 2218 616 2284 hoste
639 2218 837 2284 habiturum.
874 2219 971 2300 Quod
995 2222 1022 2284 si
1046 2243 1123 2285 111111

137 2324 357 2406 interfecerit,
400 2322 510 2387 multis
545 2345 616 2388 sese
650 2321 815 2387 nobilibus
855 2322 1124 2409 principibusque

138 2427 251 2511 populi
267 2427 406 2491 Romani
422 2436 552 2510 gratum
575 2449 647 2490 esse
663 2427 840 2491 facturum:
863 2426 898 2490 id
920 2450 956 2491 11
979 2425 1021 2492 ab
1042 2429 1124 2513 ipsis

139 2552 196 2614 per
218 2550 331 2593 eorum
353 2530 485 2592 nuntios
510 2538 710 2613 compertum
735 2526 866 2607 habere,
891 2550 1030 2613 qnorum
1054 2553 1124 2594 om·

136 2636 225 2696 nium
248 2634 388 2716 gratiam
413 2642 510 2716 atquc
534 2632 712 2695 amicitiam
735 2633 805 2696 eius
828 2639 935 2696 morte
957 2631 1122 2696 redimere

101 2745 258 2823 raposset.
283 2734 382 2816 Quod
405 2737 432 2798 si
448 2734 653 2799 discessisset
669 2743 702 2798 et
724 2733 860 2799 liberam
876 2737 1123 2820 possessionem

138 2840 267 2906 Galliae
302 2837 362 2903 sibi
396 2837 602 2912 tradidisset,
637 2859 757 2922 magno
790 2860 824 2902 se
861 2837 952 2903 illum
974 2842 1123 2923 praemio

136 2952 416 3008 remuneraturum
439 2951 472 3007 11
487 2964 712 3027 quaecumque
728 2942 817 3006 bella
832 2945 902 3026 geri
924 2941 1034 3028 vellet,
1052 2947 1125 3011 sine

138 3045 203 3111 ullo
227 3048 295 3110 eius
318 3044 432 3110 labore
456 3055 488 3110 ct
511 3045 654 3130 periculo
680 3048 915 3113 confecturum.

222 3147 469 3214 tumulasti
494 3147 636 3213 Caesare
659 3151 692 3215 in
717 3172 790 3214 eam
814 3153 1007 3216 sententiam
1033 3151 1125 3217 dicta

137 3262 221 3335 sunt,
253 3275 355 3338 quare
390 3254 522 3336 negotio
555 3253 710 3317 desistere
743 3276 810 3319 non
845 3264 976 3339 posset:
1014 3277 1124 3340 neque

137 3380 231 3422 suam
254 3380 359 3443 neque
381 3355 494 3443 populi
510 3357 650 3421 Romani
673 3357 943 3422 consuetudinem
967 3360 1047 3442 pati,
1074 3362 1125 3424 uti

138 3463 259 3546 optime
275 3472 436 3527 merentes
460 3462 568 3527 socios
589 3461 764 3544 desereret,
790 3484 895 3546 neque
919 3485 954 3528 11
976 3459 1125 3527 iudicare

138 3563 281 3629 Galliam
305 3567 415 3649 potius
438 3587 510 3630 1111
529 3564 687 3631 Ariovisti
711 3588 810 3651 quam
833 3565 946 3651 populi
969 3565 1123 3632 Romani.
