2430 4028
127 232 190 297 120
430 232 480 281 nu
500 231 620 281 nunno
640 229 799 282 csnnreo

103 431 274 488 anuerant.
308 422 396 487 Huic
420 419 544 488 Caesar
566 444 626 507 pro
649 425 718 487 eius
741 424 861 487 virtute
892 434 994 510 atque
1016 426 1051 490 in
1077 448 1114 491 se

125 524 371 597 benevolentia,
395 524 483 610 quod
505 527 539 588 in
563 524 714 590 omnibus
736 524 833 590 bellis
856 525 1018 611 singulari
1041 530 1114 594 eius

103 652 227 715 sopera
249 629 358 695 luerat
379 652 470 710 usus,
493 630 655 694 maiorum
669 627 780 696 locum
801 629 1005 697 restituerat.
1033 631 1114 697 Ter-

124 736 206 798 tium
230 734 305 797 iam
336 734 424 798 hunc
460 754 580 797 annum
601 733 801 816 {regnantem
833 734 973 818 inimici,
1011 736 1115 802 etiam

14 873 22 887 ν
125 835 236 903 multis
265 836 377 923 palam
408 860 451 901 ex
480 838 613 902 civitate
643 834 849 919 auctoribus,
884 836 983 920 [eum]
1015 840 1115 905 inter·

103 941 282 1006 rfeeerunt.
308 940 462 1006 Defertur
478 963 519 1006 ea
540 963 593 1004 res
616 939 660 1004 ad
676 937 863 1005 Caesarem.
887 939 947 1005 Ille
969 945 1113 1023 veritus,

127 1044 217 1129 quod
240 1045 284 1110 ad
311 1043 423 1129 plures
453 1041 656 1128 pertinebat,
689 1065 731 1107 ne
764 1042 881 1109 civitas
909 1066 1027 1110 eorum
1053 1047 1112 1113 im·

125 1146 222 1232 pulsu
253 1147 423 1230 deficeret,
448 1147 588 1211 Lucium
617 1145 775 1211 Plancum
804 1167 880 1212 cum
907 1147 1041 1233 legione
1068 1174 1113 1217 ex

124 1251 240 1334 Belgio
269 1250 419 1317 celeriter
449 1253 482 1314 in
506 1249 666 1316 Carnutes
690 1250 854 1335 proficisci
884 1251 977 1318 iubet
998 1253 1113 1341 ibique

127 1354 284 1435 hiemare,
319 1376 523 1440 quorumque
554 1376 653 1439 opera
682 1364 886 1438 cognoverat
914 1355 1111 1440 Tasgetium

102 1460 346 1540 sinterfectum,
378 1458 439 1523 hos
469 1458 724 1544 comprehensos
747 1458 791 1523 ad
814 1480 850 1523 se
871 1460 1014 1525 mittere.
1059 1461 1113 1526 ln·

125 1563 219 1626 terim
248 1561 290 1627 ab
323 1561 472 1627 omnibus
501 1561 620 1646 legatis
653 1562 835 1649 quibusque
863 1561 1011 1647 legiones
1042 1572 1111 1629 tra·

125 1663 271 1747 diderat,
305 1668 425 1730 certior
457 1666 565 1730 factus
599 1674 650 1730 est
683 1668 716 1730 in
749 1664 886 1730 hiberna
914 1676 1111 1752 perventum

127 1767 301 1854 locumque
324 1768 469 1834 hibernis
494 1790 566 1832 esse
592 1770 761 1834 munitum.

210 1871 263 1935 26.
286 1870 414 1937 Diebus
438 1873 569 1937 circiter
585 1889 643 1946 XV,
668 1871 788 1956 quibus
811 1872 844 1935 in
867 1871 1010 1939 hiberna
1033 1897 1111 1941 ven·

124 1983 194 2040 tum
217 1983 282 2050 est,
313 1976 441 2040 initium
468 1975 631 2060 repentini
659 1974 816 2038 tumultus
847 1998 888 2042 ae
911 1974 1111 2043 defectionis

102 2087 232 2143 eertum
262 2088 313 2143 est
341 2078 383 2142 ab
407 2078 600 2162 Ambiorige
629 2088 662 2143 et
691 2077 892 2163 Catuvolco;
926 2081 998 2166 qui,
1035 2104 1111 2148 cum

127 2181 171 2246 ad
193 2181 275 2246 fines
298 2182 391 2266 regni
407 2183 458 2247 sui
473 2180 597 2246 Sabino
615 2179 797 2266 Cottaeque
812 2194 943 2267 praesto
967 2184 1112 2250 fuissent

123 2284 388 2369 frumentumque
411 2287 444 2349 in
468 2283 606 2348 hiberna
629 2287 937 2371 comportavissent,
960 2286 1111 2354 Indutio-

125 2388 208 2451 mari
243 2387 379 2452 Treveri
412 2390 535 2453 nuntiis
573 2387 706 2472 impulsi
744 2410 821 2454 suos
859 2391 1111 2457 concitaverunt

124 2489 298 2574 subitoque
331 2493 499 2576 oppressis
528 2488 743 2574 lignatoribus
772 2511 894 2575 magna
931 2515 1033 2558 manu
1065 2495 1109 2561 ad

101 2602 235 2660 scastra
259 2603 486 2679 oppugnatum
507 2603 676 2658 venerunt.
721 2593 804 2660 Cum
828 2594 979 2661 celeriter
999 2602 1110 2664 nostri

123 2720 216 2761 arma
255 2700 420 2782 cepissent
448 2696 636 2783 vallumque
666 2698 893 2764 ascendissent
915 2709 1015 2786 atque
1042 2724 1111 2767 una

124 2824 166 2863 ex
189 2808 283 2884 parte
306 2800 466 2885 Hispanis
481 2799 646 2885 equitibus
662 2802 790 2866 emissis
814 2804 957 2887 equestri
979 2804 1108 2890 proelio

126 2904 311 2987 superiores
344 2902 499 2984 fuissent,
535 2902 710 2988 desperata
738 2927 774 2968 re
807 2904 919 2971 hostes
954 2928 1034 2973 suos
1065 2906 1108 2973 ab

100 3008 369 3091 roppugnatione
398 3004 609 3071 reduxerunt.
653 3006 737 3071 Tum
768 3030 826 3073 suo
855 3031 946 3074 more
974 3010 1109 3077 concla-

122 3117 303 3185 maverunt,
334 3112 382 3173 uti
406 3108 504 3195 aliqui
530 3132 572 3173 ex
594 3112 715 3175 nostris
738 3111 783 3176 ad
805 3110 1006 3197 colloquium
1030 3136 1108 3200 pro·

123 3212 220 3277 diret:
236 3211 358 3276 habere
370 3235 452 3296 sese,
470 3235 553 3298 quae
567 3212 607 3277 de
619 3236 653 3277 re
669 3216 833 3279 communi
848 3213 958 3280 dicere
972 3215 1109 3300 vellent,

123 3314 242 3400 quibus
264 3314 362 3380 rebus
383 3319 625 3381 controversias
647 3317 750 3381 minui
766 3338 864 3400 posse
880 3328 1064 3402 sperarent.

210 3419 262 3484 27.
290 3419 431 3485 Mittitur
465 3421 508 3486 ad
539 3443 595 3485 eos
630 3419 838 3505 colloquendi
866 3443 969 3487 causa
1001 3419 1108 3488 Gaius

124 3523 310 3608 Arpineius,
334 3546 432 3609 eques
451 3523 629 3602 Romanus,
653 3522 824 3588 familiaris
843 3520 957 3604 Quinti
972 3523 1103 3609 Titurii,
