2430 4028
387 218 496 268 urana
515 218 577 281 1111,
598 217 675 269 cnr.
696 220 806 267 as-as.
1048 218 1088 282 97

105 406 240 472 barbari
266 408 484 472 constiterunt
512 428 551 470 ac
581 406 716 491 paulum
742 408 841 473 modo
867 408 982 491 pedem
1005 419 1090 474 retu-

108 511 226 576 lerunt.
251 509 360 597 Atque
375 511 496 576 nostris
512 510 670 577 militibus
686 512 927 595 cunctantibus,
945 515 1111 579 maximes

104 624 240 700 propter
274 613 480 678 altitudinem
514 615 633 694 maris,
671 617 725 700 qui
763 614 911 681 decimae
949 616 1089 700 legionis

104 717 250 804 aquilam
272 716 410 799 ferebat,
436 726 640 782 contestatus
659 719 748 800 deos,
774 728 810 783 ut
832 742 871 784 ea
893 742 945 783 res
968 720 1089 805 legioni

102 822 245 887 feliciter
261 824 416 886 eveniret:
435 815 598 904 ‘desilite'‚
621 824 736 907 inquit,
749 818 893 903 ‘milites
910 825 975 888 nisi
990 824 1089 888 vultis

105 925 253 1011 aquilam
275 921 425 990 hostibus
449 925 603 1010 prodere:
628 947 688 1009 ego
714 935 801 991 certe
826 949 933 992 meum
960 931 1008 991 roi
1032 951 1088 1010 pu-

105 1029 214 1093 blicae
243 1038 342 1115 atque
364 1030 555 1114 imperatori
580 1029 725 1093 officium
752 1027 965 1114 praestitero?
1015 1032 1112 1095 Hoor

106 1154 183 1196 cum
207 1154 289 1196 voce
305 1154 426 1217 magna
443 1130 592 1215 dixisset,
616 1155 651 1195 se
675 1156 715 1196 ex
740 1136 817 1198 navi
837 1135 975 1217 proiecit
992 1144 1089 1220 atque

106 1238 142 1303 in
167 1234 280 1300 hostes
311 1235 455 1321 aquilam
479 1236 563 1300 ferre
587 1238 705 1320 coepit.
745 1237 828 1300 Tum
851 1238 956 1301 nostri
979 1237 1113 1325 cohor-,5

106 1340 168 1404 tati
194 1341 279 1403 inter
303 1361 354 1416 se,
384 1361 423 1402 ne
447 1347 575 1403 tantum
598 1337 739 1403 dedecus
763 1340 998 1413 admitteretur,
1022 1344 1093 1406 uni·

106 1444 196 1508 versi
230 1465 273 1507 ex
303 1444 380 1507 navi
411 1441 622 1507 desiluerunt.
668 1444 738 1507 Hos
762 1445 840 1508 item
863 1466 905 1506 ex
933 1446 1114 1529 proximior

107 1545 251 1612 navibus
266 1566 342 1608 cum
358 1545 616 1630 conspexissent,
631 1545 797 1611 subsecuti
807 1546 958 1611 hostibus
974 1570 1094 1632 appro-

111 1651 324 1736 pinquarunt.

196 1751 248 1816 26.
280 1753 465 1837 Pugnatum
494 1762 544 1818 est
574 1753 616 1818 ab
647 1755 792 1838 utrisque
815 1755 944 1819 acriter.
983 1755 1094 1820 Nostri

108 1866 240 1940 tamen,
271 1856 359 1942 quod
388 1879 494 1943 neque
517 1858 647 1922 ordines
677 1879 806 1921 servare
830 1880 935 1943 neque
958 1858 1095 1925 firmiter

108 1963 263 2028 insistere
286 1983 391 2044 neque
414 1963 509 2044 signa
526 1960 680 2044 subsequi
700 1969 862 2045 poterant,
889 1972 987 2049 atque
1010 1963 1093 2027 alius

108 2065 178 2130 alia
207 2090 251 2130 ex
279 2067 373 2143 navi,
404 2064 664 2151 quibuscumque
694 2067 796 2149 signis
828 2074 1029 2143 occurrerat,
1060 2088 1094 2129 se

109 2169 333 2254 aggregabat,
367 2191 568 2253 magnopere
596 2167 846 2253 perturbantur,
874 2168 987 2233 hostes
1016 2192 1117 2233 veroa

108 2275 198 2338 notis
215 2273 369 2339 omnibus
385 2273 491 2354 vadis,
515 2272 571 2337 ubi
588 2296 630 2337 cx
647 2274 741 2337 litore
765 2272 893 2357 aliquos
911 2273 1094 2355 singulares

110 2402 155 2442 ex
184 2378 262 2442 navi
291 2377 498 2460 egredientes
528 2385 788 2460 conspexerant,
823 2377 970 2439 incitatis
1002 2379 1094 2462 equis

109 2481 287 2568 impeditos
311 2481 561 2563 adoriebantur,
592 2481 702 2567 plures
732 2502 856 2564 paucos
881 2481 1097 2544 circumsiste-

109 2586 210 2669 bant,
243 2585 300 2650 alii
328 2585 369 2648 ab
395 2584 496 2648 latere
526 2592 642 2669 aperto
666 2585 700 2647 in
724 2586 896 2648 universos
920 2583 986 2647 tela
1010 2584 1117 2646 coni-a

110 2688 257 2755 ciebant.
281 2688 381 2769 Quod
400 2710 475 2754 cum
490 2687 780 2752 animadvertisset
796 2685 929 2768 Caesar,
955 2686 1118 2770 scaphasr

110 2793 287 2876 longarum
301 2794 444 2872 navium,
462 2793 540 2855 item
557 2789 779 2876 speculatoria
793 2791 921 2872 vavigia
939 2789 1096 2853 militibus

111 2896 273 2980 compleri
295 2896 390 2962 iussit
413 2904 455 2974 et,
480 2917 562 2980 quos
579 2894 767 2958 laborantes
793 2904 1023 2978 conspexerat,
1046 2892 1097 2957 his

112 2998 267 3065 subsidia
290 2997 516 3064 submittebat.
562 2998 694 3080 Nostri,
723 2997 819 3062 simul
848 2998 882 3061 in
905 2996 996 3061 arido
1022 3018 1120 3060 con-s

112 3105 277 3186 stiterunt,
301 3105 367 3168 suis
385 3102 536 3167 omnibus
553 3096 739 3166 consecutis
762 3103 796 3165 in
811 3098 925 3166 hostes
941 3103 1098 3184 impetum

112 3210 264 3273 fecerunt
280 3215 379 3292 atque
395 3228 451 3270 eos
468 3207 501 3270 in
517 3205 629 3289 fugam
654 3204 824 3286 dederunt,
849 3227 952 3289 neque
968 3203 1098 3288 longius

103 3312 270 3398 prosequi
304 3319 497 3396 potuerunt,
537 3309 624 3393 quod
661 3310 785 3393 equites
823 3330 954 3373 cursum
988 3318 1099 3372 tenere

112 3426 214 3501 atque
237 3412 381 3478 insulam
398 3435 518 3499 capere
534 3435 599 3476 non
624 3422 810 3498 potuerant.
835 3412 909 3475 Hoc
932 3434 1031 3476 unum
1056 3412 1100 3476 ad

113 3519 290 3604 pristinam
315 3516 484 3583 fortunam
507 3515 643 3581 Caesari
674 3516 787 3580 defuit.

174 3633 259 3678 omar.
273 3633 291 3676 1.
316 3634 335 3677 b.
351 3634 378 3678 (a
930 3635 945 3682 'l
