2430 4028
193 253 255 320 236
495 248 683 320 nanneno
702 246 861 303 ornnroo

192 452 318 510 remota
342 465 415 509 esse
438 442 607 522 iudicaret,
632 443 783 507 omnibus
805 440 902 506 rebus
925 442 1172 508 inserviendum

194 549 318 630 statuit,
342 568 405 633 quo
430 545 568 611 celerius
583 545 688 611 hostis
711 552 899 630 contempta
918 565 980 610 sua
1002 546 1172 630 paucitate

171 651 339 737 sprodiret
368 651 402 714 in
431 651 544 715 aciem.
580 648 763 733 Singularis
792 651 879 714 anim
908 649 1041 714 virtutis
1069 657 1172 715 veter-

192 758 291 820 rimas
318 753 465 837 legiones
494 770 566 837 vn„
595 769 681 834 vm,
711 768 798 815 vnn.
828 750 992 836 habebat,
1024 775 1171 818 summae

193 860 262 945 spei
298 856 511 943 delectaeque
540 857 718 921 iuventutis
747 873 805 938 xa,
839 877 924 941 quae
958 864 1078 922 octavo
1097 859 1172 922 'iam

193 961 356 1045 stipendio
389 971 499 1026 tamen
528 963 563 1026 in
591 958 767 1024 collatione
795 958 994 1046 reliquarum
1023 959 1172 1025 nondum

192 1066 330 1131 eandem
359 1064 531 1130 vetustatis
566 1084 606 1128 ac
636 1064 766 1128 virtutis
801 1072 934 1149 ceperat
971 1064 1171 1151 opinionem.

169 1171 307 1255 altaque
342 1167 479 1233 consilio
516 1166 680 1232 advocato
715 1167 812 1233 rebus
845 1168 906 1251 iis,
941 1190 1027 1254 quae
1062 1167 1108 1234 ad
1138 1189 1171 1233 se

192 1281 301 1338 essent
323 1271 469 1352 delatae,
502 1269 653 1336 omnibus
683 1271 843 1357 expositis
871 1270 999 1336 animos
1025 1270 1171 1337 multitu·

192 1377 277 1442 dinis
312 1374 494 1440 confirmat.
541 1373 576 1438 Si
609 1375 695 1439 forte
726 1373 841 1449 hostes
870 1375 969 1439 trium
1002 1373 1172 1459 legionum

192 1501 325 1544 numero
349 1488 463 1563 posset
485 1475 603 1542 elicere
628 1477 671 1543 ad
694 1476 927 1562 dimicandum,
957 1479 1099 1563 agminis
1124 1499 1173 1543 or·

192 1583 301 1647 dinem
324 1583 370 1647 ita
393 1582 571 1665 constituit,
595 1590 631 1645 ut
652 1580 738 1665 legio
757 1584 906 1667 septima,
932 1589 1060 1662 octava,
1083 1602 1172 1648 nona

191 1697 267 1752 ante
291 1687 400 1752 omnia
423 1687 507 1750 irent
528 1685 775 1770 impedimenta,
800 1685 917 1752 deinde
944 1686 1092 1752 omnium
1113 1687 1171 1750 im·

191 1791 451 1877 pedimentorum
476 1809 610 1873 agmen,
641 1786 729 1875 quod
758 1799 870 1856 tamen
900 1797 972 1854 erat
992 1789 1170 1873 mediocre,

189 1896 279 1958 utin
303 1890 566 1978 expeditionibus
597 1914 668 1957 esse
693 1895 880 1976 consuevit,
909 1901 1045 1977 cogeret
1070 1892 1171 1958 unde-

190 1999 291 2076 cima,
320 2019 360 2061 ne
382 1997 517 2061 maioris
539 1995 757 2063 multitudinis
787 1999 916 2083 species
939 1995 1092 2063 accidere
1114 1995 1172 2063 ho·

149 2145 152 2151 -
167 2101 294 2166 retibus
310 2110 432 2185 posset,
450 2122 549 2186 quam
563 2101 627 2186 ipsi
645 2101 930 2185 depoposcissent.
947 2100 1023 2167 Hac
1041 2100 1170 2167 ratione

190 2226 294 2290 paene
328 2205 491 2290 quadrato
526 2206 656 2288 agmine
690 2206 849 2270 instructo
882 2205 916 2269 in
950 2213 1168 2291 conspectum

189 2308 329 2374 hostium
352 2307 489 2375 celerius
514 2311 667 2394 opinione
690 2330 803 2373 eorum
824 2307 1006 2373 exercitum
1021 2305 1169 2373 adducit
1204 2360 1211 2393 3

274 2409 305 2474 9.
330 2411 412 2477 (lum
442 2422 576 2496 repente
599 2411 776 2476 instructas
799 2408 891 2475 velut
918 2412 954 2475 in
982 2411 1056 2475 acie
1079 2418 1169 2475 certo
1201 2412 1211 2493 ζ

189 2515 294 2600 gradu
326 2514 472 2598 legiones
509 2514 666 2579 accedere
698 2513 788 2580 Galli
821 2513 991 2596 viderunt,
1029 2534 1169 2600 quorum
1201 2504 1207 2525 ⁷

188 2626 282 2684 erant
309 2618 353 2682 ad
377 2616 552 2684 Caesarem
581 2616 679 2704 plena
700 2617 841 2682 fiduciae
864 2614 1004 2681 consilia
1029 2614 1170 2703 perlata,
1193 2606 1204 2667 ἰ

189 2724 259 2786 sive
287 2723 473 2786 certaminis
501 2719 648 2807 periculo
686 2723 754 2786 sive
784 2720 904 2787 subito·¹
922 2719 1070 2785 adventu
1099 2676 1211 2785 sivel

189 2826 438 2911 exspectatione
471 2827 575 2890 nostri
610 2824 739 2890 consilii
769 2826 884 2910 copias
911 2824 1079 2890 instruunt
1108 2844 1168 2911 pro

166 2929 305 2994 acastris
333 2950 393 2992 nec
427 2929 500 2993 loco
524 2929 692 3015 superiore
715 2927 887 2993 decedunt.
932 2925 1074 3007 Caesar,
1092 2926 1167 2993 'etsi

190 3033 348 3098 dimicare
372 3040 554 3117 optaverat,
578 3041 689 3097 tamen
708 3032 888 3096 admiratus
911 3039 1040 3097 tantam
1063 3028 1170 3097 multi·

187 3135 333 3201 tudinem
368 3135 510 3200 hostium
539 3135 627 3201 valle
660 3135 848 3201 intermissa
884 3135 992 3221 magis
1025 3135 1063 3200 in
1096 3122 1191 3201 alti·-¹

187 3239 333 3303 tudinem
356 3238 513 3324 depressa
540 3261 638 3325 quam
661 3237 727 3303 late
750 3247 883 3324 patente
913 3246 1023 3304 castra
1049 3238 1168 3305 assui·
1198 3290 1202 3297 .

165 3342 330 3408 shostium
353 3342 491 3407 confert.
536 3342 630 3407 Haec
658 3344 798 3429 imperat
827 3341 914 3408 vallo
939 3341 1062 3427 pedum
1088 3340 1188 3408 duo·-

187 3446 295 3512 decim
317 3447 453 3529 muniri,
482 3444 654 3512 loriculam
678 3468 736 3531 pro
756 3446 824 3512 -hac
845 3446 976 3512 ratione
1002 3446 1075 3512 eius
1096 3446 1167 3513 alti·

186 3550 310 3615 tudinis
334 3549 557 3634 inaedificari3
580 3551 703 3616 fossam
721 3549 886 3637 duplicem
903 3548 1025 3636 pedum
1049 3549 1168 3617 denum
