<?xml version="1.0" encoding="UTF-8"?>
<!DOCTYPE html PUBLIC "-//W3C//DTD XHTML 1.0 Transitional//EN"
    "http://www.w3.org/TR/xhtml1/DTD/xhtml1-transitional.dtd">
<html xmlns="http://www.w3.org/1999/xhtml" xml:lang="en" lang="en">
 <head>
  <title>
</title>
<meta http-equiv="Content-Type" content="text/html;charset=utf-8" />
  <meta name='ocr-system' content='tesseract 3.04.00' />
  <meta name='ocr-capabilities' content='ocr_page ocr_carea ocr_par ocr_line ocrx_word'/>
</head>
<body>
  <div class='ocr_page' id='page_1' title='image "./ciuliicaesarisc01hoffgoog_0201.png"; bbox 0 0 2430 4028; ppageno 0'>
   <div class='ocr_carea' id='block_1_1' title="bbox 131 243 807 308">
    <p class='ocr_par' dir='ltr' id='par_1_1' title="bbox 131 243 807 308">
     <span class='ocr_line' id='line_1_1' title="bbox 131 243 807 308; baseline -0.019 1"><span class='ocrx_word' id='word_1_1' title='bbox 131 243 192 308; x_wconf 81' lang='lat'>192</span> <span class='ocrx_word' id='word_1_2' title='bbox 439 246 488 296; x_wconf 81' lang='lat' dir='ltr'>nn</span> <span class='ocrx_word' id='word_1_3' title='bbox 507 245 628 295; x_wconf 78' lang='lat' dir='ltr'>annno</span> <span class='ocrx_word' id='word_1_4' title='bbox 648 245 807 296; x_wconf 68' lang='lat' dir='ltr'>eunuco</span> 
     </span>
    </p>
   </div>
   <div class='ocr_carea' id='block_1_2' title="bbox 100 435 1113 3626">
    <p class='ocr_par' dir='ltr' id='par_1_2' title="bbox 128 435 1113 730">
     <span class='ocr_line' id='line_1_2' title="bbox 128 435 1111 524; baseline 0 -24"><span class='ocrx_word' id='word_1_5' title='bbox 128 436 211 501; x_wconf 90' lang='lat' dir='ltr'>rium</span> <span class='ocrx_word' id='word_1_6' title='bbox 228 435 390 521; x_wconf 79' lang='lat' dir='ltr'>deponere</span> <span class='ocrx_word' id='word_1_7' title='bbox 406 440 524 520; x_wconf 73' lang='lat' dir='ltr'>coegit,</span> <span class='ocrx_word' id='word_1_8' title='bbox 541 437 847 520; x_wconf 76' lang='lat' dir='ltr'>Conuictolitauem,</span> <span class='ocrx_word' id='word_1_9' title='bbox 862 439 918 523; x_wconf 92' lang='lat' dir='ltr'>qui</span> <span class='ocrx_word' id='word_1_10' title='bbox 932 459 994 524; x_wconf 90' lang='lat' dir='ltr'>per</span> <span class='ocrx_word' id='word_1_11' title='bbox 1005 459 1111 503; x_wconf 80' lang='lat' dir='ltr'>sacer</span> 
     </span>
     <span class='ocr_line' id='line_1_3' title="bbox 129 539 1113 625; baseline 0 -20"><span class='ocrx_word' id='word_1_12' title='bbox 129 539 224 605; x_wconf 91' lang='lat' dir='ltr'>dotes</span> <span class='ocrx_word' id='word_1_13' title='bbox 247 562 337 607; x_wconf 92' lang='lat' dir='ltr'>more</span> <span class='ocrx_word' id='word_1_14' title='bbox 361 542 506 606; x_wconf 89' lang='lat' dir='ltr'>civitatis</span> <span class='ocrx_word' id='word_1_15' title='bbox 530 542 723 606; x_wconf 83' lang='lat' dir='ltr'>intermissis</span> <span class='ocrx_word' id='word_1_16' title='bbox 751 540 1004 625; x_wconf 88' lang='lat' dir='ltr'>magistratibus</span> <span class='ocrx_word' id='word_1_17' title='bbox 1027 551 1113 608; x_wconf 89' lang='lat' dir='ltr'>esset</span> 
     </span>
     <span class='ocr_line' id='line_1_4' title="bbox 128 643 788 730; baseline 0.002 -22"><span class='ocrx_word' id='word_1_18' title='bbox 128 653 269 720; x_wconf 87' lang='lat' dir='ltr'>creatus,</span> <span class='ocrx_word' id='word_1_19' title='bbox 292 653 490 730; x_wconf 89' lang='lat' dir='ltr'>potestatem</span> <span class='ocrx_word' id='word_1_20' title='bbox 515 643 662 710; x_wconf 91' lang='lat' dir='ltr'>obtinere</span> <span class='ocrx_word' id='word_1_21' title='bbox 684 647 788 711; x_wconf 91' lang='lat' dir='ltr'>iussit.</span> 
     </span>
    </p>

    <p class='ocr_par' dir='ltr' id='par_1_3' title="bbox 127 745 1113 1454">
     <span class='ocr_line' id='line_1_5' title="bbox 215 745 1112 834; baseline 0.002 -24"><span class='ocrx_word' id='word_1_22' title='bbox 215 745 266 810; x_wconf 84' lang='lat'>34.</span> <span class='ocrx_word' id='word_1_23' title='bbox 290 746 365 812; x_wconf 93' lang='lat' dir='ltr'>Hoc</span> <span class='ocrx_word' id='word_1_24' title='bbox 383 746 515 812; x_wconf 92' lang='lat' dir='ltr'>decreto</span> <span class='ocrx_word' id='word_1_25' title='bbox 539 749 732 834; x_wconf 91' lang='lat' dir='ltr'>interposito</span> <span class='ocrx_word' id='word_1_26' title='bbox 757 748 949 814; x_wconf 80' lang='lat' dir='ltr'>cohortatus</span> <span class='ocrx_word' id='word_1_27' title='bbox 965 746 1112 828; x_wconf 85' lang='lat' dir='ltr'>Aeduos,</span> 
     </span>
     <span class='ocr_line' id='line_1_6' title="bbox 127 850 1113 917; baseline 0.001 -2"><span class='ocrx_word' id='word_1_28' title='bbox 127 862 164 916; x_wconf 91' lang='lat' dir='ltr'>ut</span> <span class='ocrx_word' id='word_1_29' title='bbox 192 854 490 917; x_wconf 89' lang='lat' dir='ltr'>controversiarum</span> <span class='ocrx_word' id='word_1_30' title='bbox 525 873 565 915; x_wconf 89' lang='lat' dir='ltr'>ac</span> <span class='ocrx_word' id='word_1_31' title='bbox 594 852 807 917; x_wconf 87' lang='lat' dir='ltr'>dissensionis</span> <span class='ocrx_word' id='word_1_32' title='bbox 843 850 1113 917; x_wconf 83' lang='lat' dir='ltr'>obliviscerentur</span> 
     </span>
     <span class='ocr_line' id='line_1_7' title="bbox 127 952 1113 1040; baseline -0.001 -20"><span class='ocrx_word' id='word_1_33' title='bbox 127 963 226 1040; x_wconf 90' lang='lat' dir='ltr'>atque</span> <span class='ocrx_word' id='word_1_34' title='bbox 255 952 406 1020; x_wconf 91' lang='lat' dir='ltr'>omnibus</span> <span class='ocrx_word' id='word_1_35' title='bbox 438 956 567 1020; x_wconf 90' lang='lat' dir='ltr'>omissis</span> <span class='ocrx_word' id='word_1_36' title='bbox 595 953 692 1018; x_wconf 90' lang='lat' dir='ltr'>rebus</span> <span class='ocrx_word' id='word_1_37' title='bbox 720 954 796 1019; x_wconf 90' lang='lat' dir='ltr'>huic</span> <span class='ocrx_word' id='word_1_38' title='bbox 826 953 914 1020; x_wconf 91' lang='lat' dir='ltr'>bello</span> <span class='ocrx_word' id='word_1_39' title='bbox 949 955 1113 1019; x_wconf 83' lang='lat' dir='ltr'>servirent</span> 
     </span>
     <span class='ocr_line' id='line_1_8' title="bbox 128 1056 1113 1144; baseline -0.002 -21"><span class='ocrx_word' id='word_1_40' title='bbox 128 1080 241 1144; x_wconf 88' lang='lat' dir='ltr'>eaque,</span> <span class='ocrx_word' id='word_1_41' title='bbox 258 1079 342 1144; x_wconf 92' lang='lat' dir='ltr'>quae</span> <span class='ocrx_word' id='word_1_42' title='bbox 357 1059 561 1137; x_wconf 89' lang='lat' dir='ltr'>meruissent,</span> <span class='ocrx_word' id='word_1_43' title='bbox 578 1057 727 1143; x_wconf 88' lang='lat' dir='ltr'>praemia</span> <span class='ocrx_word' id='word_1_44' title='bbox 742 1057 784 1122; x_wconf 90' lang='lat' dir='ltr'>ab</span> <span class='ocrx_word' id='word_1_45' title='bbox 802 1079 838 1122; x_wconf 90' lang='lat' dir='ltr'>se</span> <span class='ocrx_word' id='word_1_46' title='bbox 854 1057 990 1123; x_wconf 83' lang='lat' dir='ltr'>devicta</span> <span class='ocrx_word' id='word_1_47' title='bbox 1001 1056 1113 1124; x_wconf 80' lang='lat' dir='ltr'>Gallia</span> 
     </span>
     <span class='ocr_line' id='line_1_9' title="bbox 128 1159 1112 1249; baseline -0.002 -22"><span class='ocrx_word' id='word_1_48' title='bbox 128 1171 359 1249; x_wconf 81' lang='lat' dir='ltr'>exspectarent</span> <span class='ocrx_word' id='word_1_49' title='bbox 382 1163 627 1247; x_wconf 85' lang='lat' dir='ltr'>equitatumque</span> <span class='ocrx_word' id='word_1_50' title='bbox 643 1182 772 1226; x_wconf 91' lang='lat' dir='ltr'>omnem</span> <span class='ocrx_word' id='word_1_51' title='bbox 795 1169 828 1225; x_wconf 89' lang='lat' dir='ltr'>ct</span> <span class='ocrx_word' id='word_1_52' title='bbox 850 1159 998 1246; x_wconf 90' lang='lat' dir='ltr'>peditum</span> <span class='ocrx_word' id='word_1_53' title='bbox 1021 1160 1112 1225; x_wconf 90' lang='lat' dir='ltr'>milia</span> 
     </span>
     <span class='ocr_line' id='line_1_10' title="bbox 129 1264 1112 1350; baseline -0.001 -20"><span class='ocrx_word' id='word_1_54' title='bbox 129 1266 241 1330; x_wconf 92' lang='lat' dir='ltr'>decem</span> <span class='ocrx_word' id='word_1_55' title='bbox 266 1265 328 1331; x_wconf 90' lang='lat' dir='ltr'>sibi</span> <span class='ocrx_word' id='word_1_56' title='bbox 344 1265 492 1330; x_wconf 82' lang='lat' dir='ltr'>celeriter</span> <span class='ocrx_word' id='word_1_57' title='bbox 508 1267 683 1345; x_wconf 88' lang='lat' dir='ltr'>mitterent,</span> <span class='ocrx_word' id='word_1_58' title='bbox 707 1286 791 1350; x_wconf 90' lang='lat' dir='ltr'>quae</span> <span class='ocrx_word' id='word_1_59' title='bbox 814 1266 848 1329; x_wconf 95' lang='lat' dir='ltr'>in</span> <span class='ocrx_word' id='word_1_60' title='bbox 864 1264 1043 1350; x_wconf 85' lang='lat' dir='ltr'>praesidiis</span> <span class='ocrx_word' id='word_1_61' title='bbox 1066 1267 1112 1329; x_wconf 90' lang='lat' dir='ltr'>rei</span> 
     </span>
     <span class='ocr_line' id='line_1_11' title="bbox 127 1368 1110 1454; baseline 0 -22"><span class='ocrx_word' id='word_1_62' title='bbox 127 1369 360 1433; x_wconf 86' lang='lat' dir='ltr'>frumentariae</span> <span class='ocrx_word' id='word_1_63' title='bbox 389 1390 492 1433; x_wconf 83' lang='lat' dir='ltr'>causa</span> <span class='ocrx_word' id='word_1_64' title='bbox 522 1369 726 1454; x_wconf 86' lang='lat' dir='ltr'>disponeret,</span> <span class='ocrx_word' id='word_1_65' title='bbox 760 1370 942 1434; x_wconf 89' lang='lat' dir='ltr'>exercitum</span> <span class='ocrx_word' id='word_1_66' title='bbox 971 1368 1110 1433; x_wconf 91' lang='lat' dir='ltr'>induas</span> 
     </span>
    </p>

    <p class='ocr_par' dir='ltr' id='par_1_4' title="bbox 106 1469 1110 1867">
     <span class='ocr_line' id='line_1_12' title="bbox 106 1469 1110 1557; baseline 0.002 -23"><span class='ocrx_word' id='word_1_67' title='bbox 106 1482 238 1557; x_wconf 79' lang='lat' dir='ltr'>spartes</span> <span class='ocrx_word' id='word_1_68' title='bbox 267 1471 394 1537; x_wconf 88' lang='lat' dir='ltr'>divisit:</span> <span class='ocrx_word' id='word_1_69' title='bbox 424 1481 580 1557; x_wconf 90' lang='lat' dir='ltr'>quattuor</span> <span class='ocrx_word' id='word_1_70' title='bbox 607 1472 754 1556; x_wconf 85' lang='lat' dir='ltr'>legiones</span> <span class='ocrx_word' id='word_1_71' title='bbox 788 1474 821 1536; x_wconf 93' lang='lat' dir='ltr'>in</span> <span class='ocrx_word' id='word_1_72' title='bbox 848 1469 997 1537; x_wconf 89' lang='lat' dir='ltr'>Senones</span> <span class='ocrx_word' id='word_1_73' title='bbox 1021 1472 1110 1536; x_wconf 91' lang='lat' dir='ltr'>Pari-</span> 
     </span>
     <span class='ocr_line' id='line_1_13' title="bbox 130 1572 1110 1661; baseline 0 -22"><span class='ocrx_word' id='word_1_74' title='bbox 130 1577 264 1660; x_wconf 90' lang='lat' dir='ltr'>siosque</span> <span class='ocrx_word' id='word_1_75' title='bbox 280 1574 430 1640; x_wconf 88' lang='lat' dir='ltr'>Labieno</span> <span class='ocrx_word' id='word_1_76' title='bbox 455 1575 621 1641; x_wconf 87' lang='lat' dir='ltr'>ducendas</span> <span class='ocrx_word' id='word_1_77' title='bbox 647 1575 747 1659; x_wconf 85' lang='lat' dir='ltr'>dedit,</span> <span class='ocrx_word' id='word_1_78' title='bbox 770 1599 831 1641; x_wconf 90' lang='lat' dir='ltr'>sex</span> <span class='ocrx_word' id='word_1_79' title='bbox 853 1576 977 1661; x_wconf 91' lang='lat' dir='ltr'>ipsein</span> <span class='ocrx_word' id='word_1_80' title='bbox 992 1572 1110 1640; x_wconf 81' lang='lat' dir='ltr'>Arver-</span> 
     </span>
     <span class='ocr_line' id='line_1_14' title="bbox 127 1677 1110 1764; baseline 0.002 -22"><span class='ocrx_word' id='word_1_81' title='bbox 127 1701 187 1742; x_wconf 93' lang='lat' dir='ltr'>nos</span> <span class='ocrx_word' id='word_1_82' title='bbox 205 1677 248 1743; x_wconf 92' lang='lat' dir='ltr'>ad</span> <span class='ocrx_word' id='word_1_83' title='bbox 266 1678 425 1764; x_wconf 90' lang='lat' dir='ltr'>oppidum</span> <span class='ocrx_word' id='word_1_84' title='bbox 439 1678 638 1762; x_wconf 85' lang='lat' dir='ltr'>Gergoviam</span> <span class='ocrx_word' id='word_1_85' title='bbox 656 1677 837 1744; x_wconf 88' lang='lat' dir='ltr'>secundum</span> <span class='ocrx_word' id='word_1_86' title='bbox 850 1678 974 1744; x_wconf 91' lang='lat' dir='ltr'>flumen</span> <span class='ocrx_word' id='word_1_87' title='bbox 988 1677 1110 1745; x_wconf 84' lang='lat' dir='ltr'>Elaver</span> 
     </span>
     <span class='ocr_line' id='line_1_15' title="bbox 127 1781 1110 1867; baseline -0.002 -19"><span class='ocrx_word' id='word_1_88' title='bbox 127 1782 237 1866; x_wconf 81' lang='lat' dir='ltr'>duxit3</span> <span class='ocrx_word' id='word_1_89' title='bbox 273 1784 437 1867; x_wconf 86' lang='lat' dir='ltr'>equitatus</span> <span class='ocrx_word' id='word_1_90' title='bbox 469 1791 596 1867; x_wconf 86' lang='lat' dir='ltr'>partem</span> <span class='ocrx_word' id='word_1_91' title='bbox 618 1781 665 1848; x_wconf 95' lang='lat' dir='ltr'>illi</span> <span class='ocrx_word' id='word_1_92' title='bbox 695 1781 859 1859; x_wconf 87' lang='lat' dir='ltr'>attribuit,</span> <span class='ocrx_word' id='word_1_93' title='bbox 890 1790 1020 1867; x_wconf 87' lang='lat' dir='ltr'>partem</span> <span class='ocrx_word' id='word_1_94' title='bbox 1049 1781 1110 1847; x_wconf 92' lang='lat' dir='ltr'>sibi</span> 
     </span>
    </p>

    <p class='ocr_par' dir='ltr' id='par_1_5' title="bbox 104 1883 1109 2180">
     <span class='ocr_line' id='line_1_16' title="bbox 104 1883 1109 1971; baseline 0.003 -24"><span class='ocrx_word' id='word_1_95' title='bbox 104 1883 266 1971; x_wconf 81' lang='lat' dir='ltr'>ereliquit.</span> <span class='ocrx_word' id='word_1_96' title='bbox 305 1884 381 1966; x_wconf 81' lang='lat' dir='ltr'>Qua</span> <span class='ocrx_word' id='word_1_97' title='bbox 403 1907 437 1949; x_wconf 92' lang='lat' dir='ltr'>re</span> <span class='ocrx_word' id='word_1_98' title='bbox 460 1887 594 1969; x_wconf 88' lang='lat' dir='ltr'>cognita</span> <span class='ocrx_word' id='word_1_99' title='bbox 612 1885 865 1970; x_wconf 81' lang='lat' dir='ltr'>Vercingetorix</span> <span class='ocrx_word' id='word_1_100' title='bbox 888 1884 1043 1952; x_wconf 91' lang='lat' dir='ltr'>omnibus</span> <span class='ocrx_word' id='word_1_101' title='bbox 1065 1887 1109 1950; x_wconf 92' lang='lat' dir='ltr'>iu·</span> 
     </span>
     <span class='ocr_line' id='line_1_17' title="bbox 126 1989 1108 2075; baseline -0.002 -21"><span class='ocrx_word' id='word_1_102' title='bbox 126 1992 281 2075; x_wconf 88' lang='lat' dir='ltr'>terruptis</span> <span class='ocrx_word' id='word_1_103' title='bbox 311 1991 380 2055; x_wconf 90' lang='lat' dir='ltr'>eius</span> <span class='ocrx_word' id='word_1_104' title='bbox 408 1989 551 2055; x_wconf 86' lang='lat' dir='ltr'>fluminis</span> <span class='ocrx_word' id='word_1_105' title='bbox 581 1990 737 2075; x_wconf 92' lang='lat' dir='ltr'>pontibus</span> <span class='ocrx_word' id='word_1_106' title='bbox 767 1991 808 2056; x_wconf 88' lang='lat' dir='ltr'>ab</span> <span class='ocrx_word' id='word_1_107' title='bbox 839 1991 945 2056; x_wconf 90' lang='lat' dir='ltr'>altera</span> <span class='ocrx_word' id='word_1_108' title='bbox 967 1990 1108 2056; x_wconf 90' lang='lat' dir='ltr'>fluminis</span> 
     </span>
     <span class='ocr_line' id='line_1_18' title="bbox 126 2093 577 2180; baseline 0.004 -25"><span class='ocrx_word' id='word_1_109' title='bbox 126 2103 219 2178; x_wconf 84' lang='lat' dir='ltr'>parte</span> <span class='ocrx_word' id='word_1_110' title='bbox 241 2095 304 2158; x_wconf 89' lang='lat' dir='ltr'>iter</span> <span class='ocrx_word' id='word_1_111' title='bbox 326 2093 435 2158; x_wconf 88' lang='lat' dir='ltr'>facere</span> <span class='ocrx_word' id='word_1_112' title='bbox 457 2096 577 2180; x_wconf 90' lang='lat' dir='ltr'>coepit.</span> 
     </span>
    </p>

    <p class='ocr_par' dir='ltr' id='par_1_6' title="bbox 126 2193 1108 2797">
     <span class='ocr_line' id='line_1_19' title="bbox 212 2193 1107 2283; baseline 0.003 -26"><span class='ocrx_word' id='word_1_113' title='bbox 212 2194 264 2259; x_wconf 82' lang='lat'>35.</span> <span class='ocrx_word' id='word_1_114' title='bbox 289 2193 372 2260; x_wconf 89' lang='lat' dir='ltr'>Oum</span> <span class='ocrx_word' id='word_1_115' title='bbox 388 2203 523 2281; x_wconf 88' lang='lat' dir='ltr'>uterque</span> <span class='ocrx_word' id='word_1_116' title='bbox 545 2197 708 2283; x_wconf 89' lang='lat' dir='ltr'>utrimque</span> <span class='ocrx_word' id='word_1_117' title='bbox 731 2199 854 2262; x_wconf 88' lang='lat' dir='ltr'>exisset</span> <span class='ocrx_word' id='word_1_118' title='bbox 875 2195 1053 2272; x_wconf 86' lang='lat' dir='ltr'>exercitus,</span> <span class='ocrx_word' id='word_1_119' title='bbox 1075 2196 1107 2260; x_wconf 92' lang='lat' dir='ltr'>in</span> 
     </span>
     <span class='ocr_line' id='line_1_20' title="bbox 127 2297 1107 2385; baseline -0.002 -21"><span class='ocrx_word' id='word_1_120' title='bbox 127 2309 306 2385; x_wconf 90' lang='lat' dir='ltr'>conspectu</span> <span class='ocrx_word' id='word_1_121' title='bbox 321 2299 454 2385; x_wconf 86' lang='lat' dir='ltr'>fereque</span> <span class='ocrx_word' id='word_1_122' title='bbox 471 2323 488 2363; x_wconf 92' lang='lat' dir='ltr'>e</span> <span class='ocrx_word' id='word_1_123' title='bbox 504 2303 639 2384; x_wconf 90' lang='lat' dir='ltr'>regione</span> <span class='ocrx_word' id='word_1_124' title='bbox 662 2301 780 2366; x_wconf 88' lang='lat' dir='ltr'>castris</span> <span class='ocrx_word' id='word_1_125' title='bbox 803 2308 914 2366; x_wconf 85' lang='lat' dir='ltr'>castra</span> <span class='ocrx_word' id='word_1_126' title='bbox 929 2297 1107 2384; x_wconf 88' lang='lat' dir='ltr'>ponebant</span> 
     </span>
     <span class='ocr_line' id='line_1_21' title="bbox 126 2401 1107 2489; baseline 0.001 -23"><span class='ocrx_word' id='word_1_127' title='bbox 126 2404 306 2489; x_wconf 90' lang='lat' dir='ltr'>Dispositis</span> <span class='ocrx_word' id='word_1_128' title='bbox 329 2401 615 2487; x_wconf 88' lang='lat' dir='ltr'>exploratoribus,</span> <span class='ocrx_word' id='word_1_129' title='bbox 639 2403 761 2468; x_wconf 87' lang='lat' dir='ltr'>necubi</span> <span class='ocrx_word' id='word_1_130' title='bbox 783 2403 899 2469; x_wconf 84' lang='lat' dir='ltr'>effecto</span> <span class='ocrx_word' id='word_1_131' title='bbox 922 2411 1026 2488; x_wconf 87' lang='lat' dir='ltr'>ponte</span> <span class='ocrx_word' id='word_1_132' title='bbox 1047 2401 1107 2467; x_wconf 77' lang='lat' dir='ltr'>Ro</span> 
     </span>
     <span class='ocr_line' id='line_1_22' title="bbox 126 2503 1108 2592; baseline -0.001 -21"><span class='ocrx_word' id='word_1_133' title='bbox 126 2509 215 2571; x_wconf 90' lang='lat' dir='ltr'>mani</span> <span class='ocrx_word' id='word_1_134' title='bbox 243 2508 357 2592; x_wconf 89' lang='lat' dir='ltr'>copias</span> <span class='ocrx_word' id='word_1_135' title='bbox 387 2507 613 2589; x_wconf 84' lang='lat' dir='ltr'>traducerent,</span> <span class='ocrx_word' id='word_1_136' title='bbox 646 2516 718 2572; x_wconf 89' lang='lat' dir='ltr'>erat</span> <span class='ocrx_word' id='word_1_137' title='bbox 750 2508 786 2571; x_wconf 92' lang='lat' dir='ltr'>in</span> <span class='ocrx_word' id='word_1_138' title='bbox 813 2507 942 2590; x_wconf 89' lang='lat' dir='ltr'>magnis</span> <span class='ocrx_word' id='word_1_139' title='bbox 974 2503 1108 2571; x_wconf 84' lang='lat' dir='ltr'>Caesari</span> 
     </span>
     <span class='ocr_line' id='line_1_23' title="bbox 127 2608 1108 2696; baseline -0.001 -22"><span class='ocrx_word' id='word_1_140' title='bbox 127 2609 378 2674; x_wconf 86' lang='lat' dir='ltr'>difficultatibus</span> <span class='ocrx_word' id='word_1_141' title='bbox 400 2632 469 2688; x_wconf 90' lang='lat' dir='ltr'>res,</span> <span class='ocrx_word' id='word_1_142' title='bbox 493 2633 534 2674; x_wconf 93' lang='lat' dir='ltr'>ne</span> <span class='ocrx_word' id='word_1_143' title='bbox 561 2611 717 2675; x_wconf 87' lang='lat' dir='ltr'>maiorem</span> <span class='ocrx_word' id='word_1_144' title='bbox 740 2612 876 2676; x_wconf 86' lang='lat' dir='ltr'>aestatis</span> <span class='ocrx_word' id='word_1_145' title='bbox 898 2618 1031 2696; x_wconf 88' lang='lat' dir='ltr'>partem</span> <span class='ocrx_word' id='word_1_146' title='bbox 1052 2608 1108 2673; x_wconf 91' lang='lat' dir='ltr'>flu·</span> 
     </span>
     <span class='ocr_line' id='line_1_24' title="bbox 126 2712 1107 2797; baseline 0 -20"><span class='ocrx_word' id='word_1_147' title='bbox 126 2714 212 2777; x_wconf 90' lang='lat' dir='ltr'>mine</span> <span class='ocrx_word' id='word_1_148' title='bbox 239 2712 469 2797; x_wconf 89' lang='lat' dir='ltr'>impediretur,</span> <span class='ocrx_word' id='word_1_149' title='bbox 500 2713 589 2797; x_wconf 91' lang='lat' dir='ltr'>quod</span> <span class='ocrx_word' id='word_1_150' title='bbox 619 2734 685 2778; x_wconf 95' lang='lat' dir='ltr'>non</span> <span class='ocrx_word' id='word_1_151' title='bbox 715 2714 782 2778; x_wconf 87' lang='lat' dir='ltr'>fere</span> <span class='ocrx_word' id='word_1_152' title='bbox 811 2723 886 2779; x_wconf 90' lang='lat' dir='ltr'>ante</span> <span class='ocrx_word' id='word_1_153' title='bbox 915 2722 1107 2779; x_wconf 89' lang='lat' dir='ltr'>autumnum</span> 
     </span>
    </p>

    <p class='ocr_par' dir='ltr' id='par_1_7' title="bbox 100 2815 1107 3626">
     <span class='ocr_line' id='line_1_25' title="bbox 103 2815 1106 2903; baseline 0.006 -27"><span class='ocrx_word' id='word_1_154' title='bbox 103 2815 249 2880; x_wconf 77' lang='lat' dir='ltr'>sElaver</span> <span class='ocrx_word' id='word_1_155' title='bbox 271 2816 357 2881; x_wconf 87' lang='lat' dir='ltr'>vado</span> <span class='ocrx_word' id='word_1_156' title='bbox 381 2818 512 2881; x_wconf 88' lang='lat' dir='ltr'>transiri</span> <span class='ocrx_word' id='word_1_157' title='bbox 536 2816 629 2881; x_wconf 88' lang='lat' dir='ltr'>solet.</span> <span class='ocrx_word' id='word_1_158' title='bbox 661 2817 788 2903; x_wconf 85' lang='lat' dir='ltr'>Itaque,</span> <span class='ocrx_word' id='word_1_159' title='bbox 811 2839 853 2882; x_wconf 92' lang='lat' dir='ltr'>ne</span> <span class='ocrx_word' id='word_1_160' title='bbox 874 2815 910 2880; x_wconf 93' lang='lat' dir='ltr'>id</span> <span class='ocrx_word' id='word_1_161' title='bbox 931 2815 1106 2898; x_wconf 81' lang='lat' dir='ltr'>accideret,</span> 
     </span>
     <span class='ocr_line' id='line_1_26' title="bbox 126 2918 1107 3005; baseline 0.001 -22"><span class='ocrx_word' id='word_1_162' title='bbox 126 2918 268 2985; x_wconf 89' lang='lat' dir='ltr'>silvestri</span> <span class='ocrx_word' id='word_1_163' title='bbox 291 2921 366 2984; x_wconf 92' lang='lat' dir='ltr'>loco</span> <span class='ocrx_word' id='word_1_164' title='bbox 397 2921 514 2985; x_wconf 87' lang='lat' dir='ltr'>castris</span> <span class='ocrx_word' id='word_1_165' title='bbox 537 2922 655 3005; x_wconf 91' lang='lat' dir='ltr'>positis</span> <span class='ocrx_word' id='word_1_166' title='bbox 678 2943 696 2984; x_wconf 93' lang='lat' dir='ltr'>e</span> <span class='ocrx_word' id='word_1_167' title='bbox 718 2922 853 3004; x_wconf 88' lang='lat' dir='ltr'>regione</span> <span class='ocrx_word' id='word_1_168' title='bbox 879 2921 978 2985; x_wconf 90' lang='lat' dir='ltr'>unius</span> <span class='ocrx_word' id='word_1_169' title='bbox 996 2941 1107 2986; x_wconf 91' lang='lat' dir='ltr'>eorum</span> 
     </span>
     <span class='ocr_line' id='line_1_27' title="bbox 126 3023 1106 3107; baseline 0.001 -19"><span class='ocrx_word' id='word_1_170' title='bbox 126 3025 284 3107; x_wconf 92' lang='lat' dir='ltr'>pontium,</span> <span class='ocrx_word' id='word_1_171' title='bbox 301 3044 383 3106; x_wconf 86' lang='lat' dir='ltr'>quos</span> <span class='ocrx_word' id='word_1_172' title='bbox 399 3023 653 3106; x_wconf 87' lang='lat' dir='ltr'>Vercingetorix</span> <span class='ocrx_word' id='word_1_173' title='bbox 670 3023 906 3089; x_wconf 88' lang='lat' dir='ltr'>rescindendos</span> <span class='ocrx_word' id='word_1_174' title='bbox 921 3032 1106 3100; x_wconf 85' lang='lat' dir='ltr'>curaverat,</span> 
     </span>
     <span class='ocr_line' id='line_1_28' title="bbox 125 3125 1105 3212; baseline 0.003 -22"><span class='ocrx_word' id='word_1_175' title='bbox 125 3140 258 3212; x_wconf 88' lang='lat' dir='ltr'>postero</span> <span class='ocrx_word' id='word_1_176' title='bbox 275 3125 328 3191; x_wconf 92' lang='lat' dir='ltr'>die</span> <span class='ocrx_word' id='word_1_177' title='bbox 344 3148 419 3190; x_wconf 92' lang='lat' dir='ltr'>cum</span> <span class='ocrx_word' id='word_1_178' title='bbox 435 3125 563 3191; x_wconf 90' lang='lat' dir='ltr'>duabus</span> <span class='ocrx_word' id='word_1_179' title='bbox 578 3125 761 3210; x_wconf 89' lang='lat' dir='ltr'>legionibus</span> <span class='ocrx_word' id='word_1_180' title='bbox 777 3130 810 3193; x_wconf 92' lang='lat' dir='ltr'>in</span> <span class='ocrx_word' id='word_1_181' title='bbox 824 3126 953 3192; x_wconf 89' lang='lat' dir='ltr'>occulto</span> <span class='ocrx_word' id='word_1_182' title='bbox 970 3129 1105 3209; x_wconf 78' lang='lat' dir='ltr'>restitit3</span> 
     </span>
     <span class='ocr_line' id='line_1_29' title="bbox 103 3228 1105 3315; baseline 0.006 -26"><span class='ocrx_word' id='word_1_183' title='bbox 103 3228 267 3314; x_wconf 81' lang='lat' dir='ltr'>ereliquas</span> <span class='ocrx_word' id='word_1_184' title='bbox 291 3230 403 3315; x_wconf 89' lang='lat' dir='ltr'>copias</span> <span class='ocrx_word' id='word_1_185' title='bbox 427 3251 502 3294; x_wconf 90' lang='lat' dir='ltr'>cum</span> <span class='ocrx_word' id='word_1_186' title='bbox 520 3228 670 3294; x_wconf 89' lang='lat' dir='ltr'>omnibus</span> <span class='ocrx_word' id='word_1_187' title='bbox 693 3230 947 3315; x_wconf 89' lang='lat' dir='ltr'>impedimentis,</span> <span class='ocrx_word' id='word_1_188' title='bbox 974 3239 1011 3297; x_wconf 88' lang='lat' dir='ltr'>ut</span> <span class='ocrx_word' id='word_1_189' title='bbox 1032 3253 1105 3296; x_wconf 91' lang='lat' dir='ltr'>con·</span> 
     </span>
     <span class='ocr_line' id='line_1_30' title="bbox 124 3331 1105 3423; baseline -0.001 -25"><span class='ocrx_word' id='word_1_190' title='bbox 124 3341 290 3410; x_wconf 88' lang='lat' dir='ltr'>sueverat,</span> <span class='ocrx_word' id='word_1_191' title='bbox 314 3334 403 3397; x_wconf 90' lang='lat' dir='ltr'>misit</span> <span class='ocrx_word' id='word_1_192' title='bbox 425 3331 583 3394; x_wconf 76' lang='lat' dir='ltr'>immixtis</span> <span class='ocrx_word' id='word_1_193' title='bbox 609 3332 749 3418; x_wconf 83' lang='lat' dir='ltr'>captivis</span> <span class='ocrx_word' id='word_1_194' title='bbox 773 3335 899 3420; x_wconf 86' lang='lat' dir='ltr'>quartis</span> <span class='ocrx_word' id='word_1_195' title='bbox 923 3333 1105 3423; x_wconf 89' lang='lat' dir='ltr'>quibusque</span> 
     </span>
     <span class='ocr_line' id='line_1_31' title="bbox 125 3434 1104 3520; baseline 0 -21"><span class='ocrx_word' id='word_1_196' title='bbox 125 3435 328 3514; x_wconf 90' lang='lat' dir='ltr'>cohortibus,</span> <span class='ocrx_word' id='word_1_197' title='bbox 342 3437 390 3500; x_wconf 91' lang='lat' dir='ltr'>uti</span> <span class='ocrx_word' id='word_1_198' title='bbox 408 3457 562 3500; x_wconf 87' lang='lat' dir='ltr'>numerus</span> <span class='ocrx_word' id='word_1_199' title='bbox 577 3434 744 3520; x_wconf 91' lang='lat' dir='ltr'>legionum</span> <span class='ocrx_word' id='word_1_200' title='bbox 759 3445 913 3502; x_wconf 92' lang='lat' dir='ltr'>constare</span> <span class='ocrx_word' id='word_1_201' title='bbox 927 3436 1104 3505; x_wconf 85' lang='lat' dir='ltr'>videretur.</span> 
     </span>
     <span class='ocr_line' id='line_1_32' title="bbox 100 3537 1105 3626; baseline 0.01 -28"><span class='ocrx_word' id='word_1_202' title='bbox 100 3539 186 3604; x_wconf 77' lang='lat' dir='ltr'>sHia</span> <span class='ocrx_word' id='word_1_203' title='bbox 216 3560 315 3623; x_wconf 88' lang='lat' dir='ltr'>quam</span> <span class='ocrx_word' id='word_1_204' title='bbox 345 3537 535 3623; x_wconf 86' lang='lat' dir='ltr'>longissime</span> <span class='ocrx_word' id='word_1_205' title='bbox 569 3548 706 3624; x_wconf 91' lang='lat' dir='ltr'>possent</span> <span class='ocrx_word' id='word_1_206' title='bbox 742 3539 853 3625; x_wconf 87' lang='lat' dir='ltr'>egredi</span> <span class='ocrx_word' id='word_1_207' title='bbox 885 3541 1003 3626; x_wconf 82' lang='lat' dir='ltr'>iussis,</span> <span class='ocrx_word' id='word_1_208' title='bbox 1033 3560 1105 3608; x_wconf 84' lang='lat' dir='ltr'>cum</span> 
     </span>
    </p>
   </div>
   <div class='ocr_carea' id='block_1_3' title="bbox 0 0 1220 4028">
    <p class='ocr_par' dir='ltr' id='par_1_8' title="bbox 0 0 1220 4028">
     <span class='ocr_line' id='line_1_33' title="bbox 0 0 1220 4028; baseline 0 1"><span class='ocrx_word' id='word_1_209' title='bbox 0 0 1220 4028; x_wconf 95' lang='lat' dir='ltr'> </span> 
     </span>
    </p>
   </div>
  </div>
 </body>
</html>
