<?xml version="1.0" encoding="UTF-8"?>
<!DOCTYPE html PUBLIC "-//W3C//DTD XHTML 1.0 Transitional//EN"
    "http://www.w3.org/TR/xhtml1/DTD/xhtml1-transitional.dtd">
<html xmlns="http://www.w3.org/1999/xhtml" xml:lang="en" lang="en">
 <head>
  <title>
</title>
<meta http-equiv="Content-Type" content="text/html;charset=utf-8" />
  <meta name='ocr-system' content='tesseract 3.04.00' />
  <meta name='ocr-capabilities' content='ocr_page ocr_carea ocr_par ocr_line ocrx_word'/>
</head>
<body>
  <div class='ocr_page' id='page_1' title='image "./ciuliicaesarisc01hoffgoog_0137.png"; bbox 0 0 2430 4028; ppageno 0'>
   <div class='ocr_carea' id='block_1_1' title="bbox 123 273 793 340">
    <p class='ocr_par' dir='ltr' id='par_1_1' title="bbox 123 273 793 340">
     <span class='ocr_line' id='line_1_1' title="bbox 123 273 793 340; baseline -0.004 -11"><span class='ocrx_word' id='word_1_1' title='bbox 123 273 184 340; x_wconf 85' lang='grc'><strong>128</strong></span> <span class='ocrx_word' id='word_1_2' title='bbox 428 275 478 324; x_wconf 85' lang='lat' dir='ltr'><strong>DE</strong></span> <span class='ocrx_word' id='word_1_3' title='bbox 497 274 617 326; x_wconf 78' lang='lat' dir='ltr'>BELLO</span> <span class='ocrx_word' id='word_1_4' title='bbox 637 274 793 327; x_wconf 82' lang='lat' dir='ltr'>GALLICO</span> 
     </span>
    </p>
   </div>
   <div class='ocr_carea' id='block_1_2' title="bbox 100 464 1112 3659">
    <p class='ocr_par' dir='ltr' id='par_1_2' title="bbox 100 464 1108 1277">
     <span class='ocr_line' id='line_1_2' title="bbox 122 464 1103 554; baseline 0 -23"><span class='ocrx_word' id='word_1_5' title='bbox 122 471 271 554; x_wconf 87' lang='lat' dir='ltr'><strong>pervenit</strong></span> <span class='ocrx_word' id='word_1_6' title='bbox 293 467 515 554; x_wconf 79' lang='lat' dir='ltr'><strong>hortaturque,</strong></span> <span class='ocrx_word' id='word_1_7' title='bbox 538 491 581 533; x_wconf 91' lang='lat' dir='ltr'><strong>ne</strong></span> <span class='ocrx_word' id='word_1_8' title='bbox 597 470 647 534; x_wconf 88' lang='lat' dir='ltr'><strong>sui</strong></span> <span class='ocrx_word' id='word_1_9' title='bbox 669 470 702 533; x_wconf 96' lang='lat' dir='ltr'><strong>in</strong></span> <span class='ocrx_word' id='word_1_10' title='bbox 725 474 919 554; x_wconf 89' lang='lat' dir='ltr'><strong>perpetuum</strong></span> <span class='ocrx_word' id='word_1_11' title='bbox 940 464 1103 533; x_wconf 77' lang='lat' dir='ltr'><strong>liberandi</strong></span> 
     </span>
     <span class='ocr_line' id='line_1_3' title="bbox 122 570 1104 658; baseline 0 -22"><span class='ocrx_word' id='word_1_12' title='bbox 122 581 221 657; x_wconf 88' lang='lat' dir='ltr'><strong>atque</strong></span> <span class='ocrx_word' id='word_1_13' title='bbox 243 570 424 636; x_wconf 89' lang='lat' dir='ltr'><strong>ulciscendi</strong></span> <span class='ocrx_word' id='word_1_14' title='bbox 445 572 614 636; x_wconf 89' lang='lat' dir='ltr'><strong>Romanos</strong></span> <span class='ocrx_word' id='word_1_15' title='bbox 636 594 696 658; x_wconf 90' lang='lat' dir='ltr'><strong>pro</strong></span> <span class='ocrx_word' id='word_1_16' title='bbox 720 573 771 656; x_wconf 94' lang='lat' dir='ltr'><strong>iis,</strong></span> <span class='ocrx_word' id='word_1_17' title='bbox 794 594 877 658; x_wconf 90' lang='lat' dir='ltr'><strong>quas</strong></span> <span class='ocrx_word' id='word_1_18' title='bbox 904 573 1104 658; x_wconf 75' lang='lat' dir='ltr'><strong>acceperint,</strong></span> 
     </span>
     <span class='ocr_line' id='line_1_4' title="bbox 100 674 1105 761; baseline 0 -23"><span class='ocrx_word' id='word_1_19' title='bbox 100 675 248 740; x_wconf 78' lang='lat' dir='ltr'><strong>siniuriis</strong></span> <span class='ocrx_word' id='word_1_20' title='bbox 266 676 474 739; x_wconf 82' lang='lat' dir='ltr'><strong>occasionem</strong></span> <span class='ocrx_word' id='word_1_21' title='bbox 486 675 668 740; x_wconf 84' lang='lat' dir='ltr'><strong>dimittant:</strong></span> <span class='ocrx_word' id='word_1_22' title='bbox 684 676 875 740; x_wconf 85' lang='lat' dir='ltr'><strong>interfectos</strong></span> <span class='ocrx_word' id='word_1_23' title='bbox 889 696 966 740; x_wconf 88' lang='lat' dir='ltr'><strong>esse</strong></span> <span class='ocrx_word' id='word_1_24' title='bbox 977 674 1105 761; x_wconf 82' lang='lat' dir='ltr'><strong>legatos</strong></span> 
     </span>
     <span class='ocr_line' id='line_1_5' title="bbox 123 777 1107 863; baseline 0 -20"><span class='ocrx_word' id='word_1_25' title='bbox 123 778 207 843; x_wconf 92' lang='lat' dir='ltr'><strong>duos</strong></span> <span class='ocrx_word' id='word_1_26' title='bbox 226 798 445 863; x_wconf 87' lang='lat' dir='ltr'><strong>magnamque</strong></span> <span class='ocrx_word' id='word_1_27' title='bbox 467 786 596 862; x_wconf 89' lang='lat' dir='ltr'><strong>partem</strong></span> <span class='ocrx_word' id='word_1_28' title='bbox 619 778 782 844; x_wconf 86' lang='lat' dir='ltr'><strong>exercitus</strong></span> <span class='ocrx_word' id='word_1_29' title='bbox 806 780 957 844; x_wconf 81' lang='lat' dir='ltr'><strong>interisse</strong></span> <span class='ocrx_word' id='word_1_30' title='bbox 973 777 1107 843; x_wconf 89' lang='lat' dir='ltr'><strong>demon·</strong></span> 
     </span>
     <span class='ocr_line' id='line_1_6' title="bbox 124 881 1106 968; baseline 0 -23"><span class='ocrx_word' id='word_1_31' title='bbox 124 891 223 962; x_wconf 78' lang='lat' dir='ltr'><strong>strat3</strong></span> <span class='ocrx_word' id='word_1_32' title='bbox 245 881 326 946; x_wconf 91' lang='lat' dir='ltr'>nihil</span> <span class='ocrx_word' id='word_1_33' title='bbox 348 904 421 948; x_wconf 89' lang='lat' dir='ltr'><strong>esse</strong></span> <span class='ocrx_word' id='word_1_34' title='bbox 443 884 566 966; x_wconf 89' lang='lat' dir='ltr'><strong>negotii</strong></span> <span class='ocrx_word' id='word_1_35' title='bbox 590 881 698 947; x_wconf 88' lang='lat' dir='ltr'><strong>subito</strong></span> <span class='ocrx_word' id='word_1_36' title='bbox 722 904 912 968; x_wconf 76' lang='lat' dir='ltr'><strong>oppressam</strong></span> <span class='ocrx_word' id='word_1_37' title='bbox 928 882 1106 967; x_wconf 84' lang='lat' dir='ltr'><strong>legionem,</strong></span> 
     </span>
     <span class='ocr_line' id='line_1_7' title="bbox 102 984 1108 1070; baseline 0.006 -23"><span class='ocrx_word' id='word_1_38' title='bbox 102 1007 206 1070; x_wconf 73' lang='lat' dir='ltr'><strong>equae</strong></span> <span class='ocrx_word' id='word_1_39' title='bbox 239 1007 313 1049; x_wconf 88' lang='lat' dir='ltr'><strong>oum</strong></span> <span class='ocrx_word' id='word_1_40' title='bbox 348 984 507 1051; x_wconf 80' lang='lat' dir='ltr'><strong>Cicerone</strong></span> <span class='ocrx_word' id='word_1_41' title='bbox 540 986 676 1070; x_wconf 87' lang='lat' dir='ltr'><strong>hiemet,</strong></span> <span class='ocrx_word' id='word_1_42' title='bbox 707 986 866 1070; x_wconf 82' lang='lat' dir='ltr'><strong>interfici3</strong></span> <span class='ocrx_word' id='word_1_43' title='bbox 896 1009 933 1052; x_wconf 90' lang='lat' dir='ltr'><strong>se</strong></span> <span class='ocrx_word' id='word_1_44' title='bbox 961 987 1009 1053; x_wconf 88' lang='lat' dir='ltr'><strong>ad</strong></span> <span class='ocrx_word' id='word_1_45' title='bbox 1037 1008 1108 1053; x_wconf 84' lang='lat' dir='ltr'><strong>eam</strong></span> 
     </span>
     <span class='ocr_line' id='line_1_8' title="bbox 123 1089 1108 1174; baseline 0.002 -22"><span class='ocrx_word' id='word_1_46' title='bbox 123 1111 193 1154; x_wconf 90' lang='lat' dir='ltr'><strong>rem</strong></span> <span class='ocrx_word' id='word_1_47' title='bbox 207 1089 380 1174; x_wconf 88' lang='lat' dir='ltr'><strong>profitetur</strong></span> <span class='ocrx_word' id='word_1_48' title='bbox 395 1090 587 1155; x_wconf 86' lang='lat' dir='ltr'><strong>adiutorem.</strong></span> <span class='ocrx_word' id='word_1_49' title='bbox 606 1089 720 1155; x_wconf 83' lang='lat' dir='ltr'><strong>Facile</strong></span> <span class='ocrx_word' id='word_1_50' title='bbox 736 1090 799 1155; x_wconf 89' lang='lat' dir='ltr'><strong>hao</strong></span> <span class='ocrx_word' id='word_1_51' title='bbox 816 1090 967 1157; x_wconf 80' lang='lat' dir='ltr'><strong>oratione</strong></span> <span class='ocrx_word' id='word_1_52' title='bbox 977 1090 1108 1156; x_wconf 81' lang='lat' dir='ltr'><strong>Nerviis</strong></span> 
     </span>
     <span class='ocr_line' id='line_1_9' title="bbox 125 1192 312 1277; baseline 0 -20"><span class='ocrx_word' id='word_1_53' title='bbox 125 1192 312 1277; x_wconf 84' lang='lat' dir='ltr'><strong>persuadet.</strong></span> 
     </span>
    </p>

    <p class='ocr_par' dir='ltr' id='par_1_3' title="bbox 125 1293 1108 1789">
     <span class='ocr_line' id='line_1_10' title="bbox 209 1293 1107 1381; baseline 0.003 -23"><span class='ocrx_word' id='word_1_54' title='bbox 209 1293 262 1359; x_wconf 86' lang='lat'><strong>39.</strong></span> <span class='ocrx_word' id='word_1_55' title='bbox 285 1295 401 1381; x_wconf 90' lang='lat' dir='ltr'><strong>Itaque</strong></span> <span class='ocrx_word' id='word_1_56' title='bbox 424 1297 596 1362; x_wconf 85' lang='lat' dir='ltr'><strong>confestim</strong></span> <span class='ocrx_word' id='word_1_57' title='bbox 627 1297 770 1362; x_wconf 85' lang='lat' dir='ltr'><strong>dimissis</strong></span> <span class='ocrx_word' id='word_1_58' title='bbox 798 1297 921 1362; x_wconf 89' lang='lat' dir='ltr'><strong>nuntiis</strong></span> <span class='ocrx_word' id='word_1_59' title='bbox 950 1297 999 1365; x_wconf 80' lang='lat' dir='ltr'><strong>ad</strong></span> <span class='ocrx_word' id='word_1_60' title='bbox 1027 1295 1107 1363; x_wconf 82' lang='lat' dir='ltr'><strong>Oen·</strong></span> 
     </span>
     <span class='ocr_line' id='line_1_11' title="bbox 125 1397 1108 1484; baseline 0.005 -22"><span class='ocrx_word' id='word_1_61' title='bbox 125 1408 247 1482; x_wconf 87' lang='lat' dir='ltr'><strong>troncs,</strong></span> <span class='ocrx_word' id='word_1_62' title='bbox 272 1397 426 1477; x_wconf 74' lang='lat' dir='ltr'><strong>(inedies,</strong></span> <span class='ocrx_word' id='word_1_63' title='bbox 452 1401 615 1483; x_wconf 89' lang='lat' dir='ltr'><strong>Levacos,</strong></span> <span class='ocrx_word' id='word_1_64' title='bbox 637 1401 862 1484; x_wconf 86' lang='lat' dir='ltr'><strong>Pleumoxios,</strong></span> <span class='ocrx_word' id='word_1_65' title='bbox 887 1399 1108 1476; x_wconf 81' lang='lat' dir='ltr'><strong>Geidumnos.</strong></span> 
     </span>
     <span class='ocr_line' id='line_1_12' title="bbox 125 1501 1106 1589; baseline 0.003 -23"><span class='ocrx_word' id='word_1_66' title='bbox 125 1504 180 1587; x_wconf 93' lang='lat' dir='ltr'><strong>qui</strong></span> <span class='ocrx_word' id='word_1_67' title='bbox 204 1525 316 1567; x_wconf 89' lang='lat' dir='ltr'><strong>omnes</strong></span> <span class='ocrx_word' id='word_1_68' title='bbox 340 1501 400 1567; x_wconf 90' lang='lat' dir='ltr'><strong>sub</strong></span> <span class='ocrx_word' id='word_1_69' title='bbox 424 1525 535 1567; x_wconf 91' lang='lat' dir='ltr'><strong>eorum</strong></span> <span class='ocrx_word' id='word_1_70' title='bbox 558 1505 694 1588; x_wconf 76' lang='lat' dir='ltr'><strong>imperio</strong></span> <span class='ocrx_word' id='word_1_71' title='bbox 718 1513 804 1587; x_wconf 91' lang='lat' dir='ltr'><strong>sunt,</strong></span> <span class='ocrx_word' id='word_1_72' title='bbox 820 1525 921 1589; x_wconf 91' lang='lat' dir='ltr'><strong>quam</strong></span> <span class='ocrx_word' id='word_1_73' title='bbox 942 1506 1106 1569; x_wconf 84' lang='lat' dir='ltr'><strong>maximas</strong></span> 
     </span>
     <span class='ocr_line' id='line_1_13' title="bbox 125 1602 1107 1694; baseline -0.001 -23"><span class='ocrx_word' id='word_1_74' title='bbox 125 1630 240 1671; x_wconf 90' lang='lat' dir='ltr'><strong>manus</strong></span> <span class='ocrx_word' id='word_1_75' title='bbox 256 1617 395 1692; x_wconf 88' lang='lat' dir='ltr'><strong>possunt</strong></span> <span class='ocrx_word' id='word_1_76' title='bbox 416 1618 538 1692; x_wconf 87' lang='lat' dir='ltr'><strong>cogunt</strong></span> <span class='ocrx_word' id='word_1_77' title='bbox 560 1607 652 1673; x_wconf 88' lang='lat' dir='ltr'><strong>etde</strong></span> <span class='ocrx_word' id='word_1_78' title='bbox 674 1602 853 1694; x_wconf 87' lang='lat' dir='ltr'><strong>improviso</strong></span> <span class='ocrx_word' id='word_1_79' title='bbox 877 1608 922 1674; x_wconf 85' lang='lat' dir='ltr'><strong>ed</strong></span> <span class='ocrx_word' id='word_1_80' title='bbox 938 1606 1107 1674; x_wconf 83' lang='lat' dir='ltr'><strong>Ciceronis</strong></span> 
     </span>
     <span class='ocr_line' id='line_1_14' title="bbox 125 1710 1107 1789; baseline 0.004 -15"><span class='ocrx_word' id='word_1_81' title='bbox 125 1711 265 1775; x_wconf 88' lang='lat' dir='ltr'><strong>hiberna</strong></span> <span class='ocrx_word' id='word_1_82' title='bbox 291 1710 459 1789; x_wconf 86' lang='lat' dir='ltr'><strong>advolant,</strong></span> <span class='ocrx_word' id='word_1_83' title='bbox 482 1712 632 1776; x_wconf 90' lang='lat' dir='ltr'><strong>nondum</strong></span> <span class='ocrx_word' id='word_1_84' title='bbox 654 1712 698 1777; x_wconf 91' lang='lat' dir='ltr'><strong>ad</strong></span> <span class='ocrx_word' id='word_1_85' title='bbox 721 1735 795 1778; x_wconf 90' lang='lat' dir='ltr'><strong>eum</strong></span> <span class='ocrx_word' id='word_1_86' title='bbox 816 1712 907 1777; x_wconf 83' lang='lat' dir='ltr'><strong>fama</strong></span> <span class='ocrx_word' id='word_1_87' title='bbox 930 1710 973 1777; x_wconf 89' lang='lat' dir='ltr'><strong>de</strong></span> <span class='ocrx_word' id='word_1_88' title='bbox 991 1710 1107 1778; x_wconf 79' lang='lat' dir='ltr'><strong>&#39;liturii</strong></span> 
     </span>
    </p>

    <p class='ocr_par' dir='ltr' id='par_1_4' title="bbox 105 1812 1109 2832">
     <span class='ocr_line' id='line_1_15' title="bbox 105 1812 1107 1901; baseline 0.008 -26"><span class='ocrx_word' id='word_1_89' title='bbox 105 1823 231 1881; x_wconf 84' lang='lat' dir='ltr'><strong>amorte</strong></span> <span class='ocrx_word' id='word_1_90' title='bbox 258 1812 395 1898; x_wconf 89' lang='lat' dir='ltr'><strong>perlata.</strong></span> <span class='ocrx_word' id='word_1_91' title='bbox 439 1815 527 1879; x_wconf 90' lang='lat' dir='ltr'><strong>Huic</strong></span> <span class='ocrx_word' id='word_1_92' title='bbox 549 1837 679 1900; x_wconf 90' lang='lat' dir='ltr'><strong>quoque</strong></span> <span class='ocrx_word' id='word_1_93' title='bbox 701 1815 833 1894; x_wconf 82' lang='lat' dir='ltr'><strong>accidit,</strong></span> <span class='ocrx_word' id='word_1_94' title='bbox 857 1815 946 1901; x_wconf 90' lang='lat' dir='ltr'><strong>quod</strong></span> <span class='ocrx_word' id='word_1_95' title='bbox 968 1815 1037 1882; x_wconf 82' lang='lat' dir='ltr'><strong>fuit</strong></span> <span class='ocrx_word' id='word_1_96' title='bbox 1057 1838 1107 1882; x_wconf 78' lang='lat' dir='ltr'><strong>ne</strong></span> 
     </span>
     <span class='ocr_line' id='line_1_16' title="bbox 127 1917 1108 2004; baseline 0 -20"><span class='ocrx_word' id='word_1_97' title='bbox 127 1941 233 2002; x_wconf 88' lang='lat' dir='ltr'><strong>cesse,</strong></span> <span class='ocrx_word' id='word_1_98' title='bbox 261 1927 298 1982; x_wconf 93' lang='lat' dir='ltr'><strong>ut</strong></span> <span class='ocrx_word' id='word_1_99' title='bbox 327 1917 475 1983; x_wconf 89' lang='lat' dir='ltr'><strong>nonnulli</strong></span> <span class='ocrx_word' id='word_1_100' title='bbox 502 1918 640 2000; x_wconf 89' lang='lat' dir='ltr'><strong>milites,</strong></span> <span class='ocrx_word' id='word_1_101' title='bbox 669 1921 723 2004; x_wconf 91' lang='lat' dir='ltr'><strong>qui</strong></span> <span class='ocrx_word' id='word_1_102' title='bbox 745 1920 937 2002; x_wconf 83' lang='lat' dir='ltr'><strong>lignationis</strong></span> <span class='ocrx_word' id='word_1_103' title='bbox 958 1921 1108 1986; x_wconf 88' lang='lat' dir='ltr'><strong>munitio·</strong></span> 
     </span>
     <span class='ocr_line' id='line_1_17' title="bbox 126 2021 1107 2110; baseline 0.001 -23"><span class='ocrx_word' id='word_1_104' title='bbox 126 2024 241 2108; x_wconf 88' lang='lat' dir='ltr'><strong>nisque</strong></span> <span class='ocrx_word' id='word_1_105' title='bbox 264 2044 365 2085; x_wconf 89' lang='lat' dir='ltr'><strong>causa</strong></span> <span class='ocrx_word' id='word_1_106' title='bbox 386 2022 421 2085; x_wconf 93' lang='lat' dir='ltr'><strong>in</strong></span> <span class='ocrx_word' id='word_1_107' title='bbox 444 2021 544 2086; x_wconf 89' lang='lat' dir='ltr'><strong>silvas</strong></span> <span class='ocrx_word' id='word_1_108' title='bbox 561 2021 802 2106; x_wconf 84' lang='lat' dir='ltr'><strong>discessissent,</strong></span> <span class='ocrx_word' id='word_1_109' title='bbox 824 2025 999 2108; x_wconf 90' lang='lat' dir='ltr'><strong>repentino</strong></span> <span class='ocrx_word' id='word_1_110' title='bbox 1023 2023 1107 2110; x_wconf 87' lang='lat' dir='ltr'><strong>eqni·</strong></span> 
     </span>
     <span class='ocr_line' id='line_1_18' title="bbox 105 2126 1107 2213; baseline 0.005 -28"><span class='ocrx_word' id='word_1_111' title='bbox 105 2137 196 2190; x_wconf 82' lang='lat' dir='ltr'><strong>stum</strong></span> <span class='ocrx_word' id='word_1_112' title='bbox 210 2126 355 2191; x_wconf 86' lang='lat' dir='ltr'><strong>adventu</strong></span> <span class='ocrx_word' id='word_1_113' title='bbox 371 2127 651 2211; x_wconf 87' lang='lat' dir='ltr'><strong>interciperentur.</strong></span> <span class='ocrx_word' id='word_1_114' title='bbox 670 2127 733 2192; x_wconf 91' lang='lat' dir='ltr'><strong>His</strong></span> <span class='ocrx_word' id='word_1_115' title='bbox 744 2129 977 2192; x_wconf 87' lang='lat' dir='ltr'><strong>circumventis</strong></span> <span class='ocrx_word' id='word_1_116' title='bbox 989 2149 1107 2213; x_wconf 84' lang='lat' dir='ltr'><strong>magna</strong></span> 
     </span>
     <span class='ocr_line' id='line_1_19' title="bbox 128 2228 1107 2316; baseline 0.002 -22"><span class='ocrx_word' id='word_1_117' title='bbox 128 2252 227 2294; x_wconf 90' lang='lat' dir='ltr'><strong>manu</strong></span> <span class='ocrx_word' id='word_1_118' title='bbox 243 2228 425 2310; x_wconf 88' lang='lat' dir='ltr'><strong>Eburones,</strong></span> <span class='ocrx_word' id='word_1_119' title='bbox 449 2229 571 2310; x_wconf 89' lang='lat' dir='ltr'><strong>Nervii,</strong></span> <span class='ocrx_word' id='word_1_120' title='bbox 589 2229 756 2295; x_wconf 88' lang='lat' dir='ltr'><strong>Aduatuci</strong></span> <span class='ocrx_word' id='word_1_121' title='bbox 778 2238 878 2316; x_wconf 89' lang='lat' dir='ltr'><strong>atque</strong></span> <span class='ocrx_word' id='word_1_122' title='bbox 900 2229 1024 2296; x_wconf 86' lang='lat' dir='ltr'><strong>horum</strong></span> <span class='ocrx_word' id='word_1_123' title='bbox 1046 2253 1107 2296; x_wconf 91' lang='lat' dir='ltr'><strong>om·</strong></span> 
     </span>
     <span class='ocr_line' id='line_1_20' title="bbox 128 2332 1106 2421; baseline 0.001 -23"><span class='ocrx_word' id='word_1_124' title='bbox 128 2336 216 2398; x_wconf 90' lang='lat' dir='ltr'><strong>nium</strong></span> <span class='ocrx_word' id='word_1_125' title='bbox 234 2334 315 2397; x_wconf 91' lang='lat' dir='ltr'><strong>socii</strong></span> <span class='ocrx_word' id='word_1_126' title='bbox 339 2341 372 2396; x_wconf 92' lang='lat' dir='ltr'><strong>et</strong></span> <span class='ocrx_word' id='word_1_127' title='bbox 394 2332 530 2399; x_wconf 90' lang='lat' dir='ltr'><strong>clientes</strong></span> <span class='ocrx_word' id='word_1_128' title='bbox 548 2332 711 2417; x_wconf 89' lang='lat' dir='ltr'><strong>legionem</strong></span> <span class='ocrx_word' id='word_1_129' title='bbox 728 2353 920 2420; x_wconf 86' lang='lat' dir='ltr'><strong>oppugnare</strong></span> <span class='ocrx_word' id='word_1_130' title='bbox 936 2333 1106 2421; x_wconf 86' lang='lat' dir='ltr'><strong>incipiunt</strong></span> 
     </span>
     <span class='ocr_line' id='line_1_21' title="bbox 128 2435 1108 2520; baseline 0.003 -21"><span class='ocrx_word' id='word_1_131' title='bbox 128 2437 240 2500; x_wconf 88' lang='lat' dir='ltr'><strong>Nostri</strong></span> <span class='ocrx_word' id='word_1_132' title='bbox 269 2435 417 2500; x_wconf 88' lang='lat' dir='ltr'><strong>celeriter</strong></span> <span class='ocrx_word' id='word_1_133' title='bbox 446 2437 489 2501; x_wconf 91' lang='lat' dir='ltr'><strong>ad</strong></span> <span class='ocrx_word' id='word_1_134' title='bbox 520 2459 612 2501; x_wconf 93' lang='lat' dir='ltr'><strong>arma</strong></span> <span class='ocrx_word' id='word_1_135' title='bbox 642 2445 855 2520; x_wconf 87' lang='lat' dir='ltr'><strong>concurrunt,</strong></span> <span class='ocrx_word' id='word_1_136' title='bbox 885 2435 1013 2503; x_wconf 86' lang='lat' dir='ltr'><strong>vellum</strong></span> <span class='ocrx_word' id='word_1_137' title='bbox 1035 2458 1108 2504; x_wconf 91' lang='lat' dir='ltr'><strong>con·</strong></span> 
     </span>
     <span class='ocr_line' id='line_1_22' title="bbox 107 2539 1109 2625; baseline 0.004 -24"><span class='ocrx_word' id='word_1_138' title='bbox 107 2539 299 2604; x_wconf 71' lang='lat' dir='ltr'><strong>escendunt.</strong></span> <span class='ocrx_word' id='word_1_139' title='bbox 346 2540 453 2623; x_wconf 87' lang='lat' dir='ltr'><strong>Aegre</strong></span> <span class='ocrx_word' id='word_1_140' title='bbox 482 2541 510 2603; x_wconf 91' lang='lat' dir='ltr'><strong>is</strong></span> <span class='ocrx_word' id='word_1_141' title='bbox 534 2540 604 2604; x_wconf 92' lang='lat' dir='ltr'><strong>dies</strong></span> <span class='ocrx_word' id='word_1_142' title='bbox 628 2548 844 2623; x_wconf 89' lang='lat' dir='ltr'><strong>sustentatur,</strong></span> <span class='ocrx_word' id='word_1_143' title='bbox 869 2539 959 2625; x_wconf 89' lang='lat' dir='ltr'><strong>qnod</strong></span> <span class='ocrx_word' id='word_1_144' title='bbox 982 2560 1109 2607; x_wconf 87' lang='lat' dir='ltr'><strong>omnem</strong></span> 
     </span>
     <span class='ocr_line' id='line_1_23' title="bbox 131 2641 1109 2729; baseline 0.001 -23"><span class='ocrx_word' id='word_1_145' title='bbox 131 2665 220 2727; x_wconf 90' lang='lat' dir='ltr'><strong>spem</strong></span> <span class='ocrx_word' id='word_1_146' title='bbox 236 2641 349 2707; x_wconf 88' lang='lat' dir='ltr'><strong>hostes</strong></span> <span class='ocrx_word' id='word_1_147' title='bbox 365 2644 400 2705; x_wconf 93' lang='lat' dir='ltr'><strong>in</strong></span> <span class='ocrx_word' id='word_1_148' title='bbox 412 2641 579 2707; x_wconf 88' lang='lat' dir='ltr'><strong>celeritate</strong></span> <span class='ocrx_word' id='word_1_149' title='bbox 595 2641 762 2727; x_wconf 93' lang='lat' dir='ltr'><strong>ponebant</strong></span> <span class='ocrx_word' id='word_1_150' title='bbox 782 2652 881 2728; x_wconf 90' lang='lat' dir='ltr'><strong>atque</strong></span> <span class='ocrx_word' id='word_1_151' title='bbox 896 2641 984 2709; x_wconf 88' lang='lat' dir='ltr'><strong>hanc</strong></span> <span class='ocrx_word' id='word_1_152' title='bbox 1000 2642 1109 2729; x_wconf 88' lang='lat' dir='ltr'><strong>adepti</strong></span> 
     </span>
     <span class='ocr_line' id='line_1_24' title="bbox 129 2747 1108 2832; baseline 0.004 -23"><span class='ocrx_word' id='word_1_153' title='bbox 129 2747 301 2810; x_wconf 87' lang='lat' dir='ltr'><strong>victoriam</strong></span> <span class='ocrx_word' id='word_1_154' title='bbox 324 2748 357 2808; x_wconf 91' lang='lat' dir='ltr'><strong>in</strong></span> <span class='ocrx_word' id='word_1_155' title='bbox 373 2756 565 2832; x_wconf 90' lang='lat' dir='ltr'><strong>perpetuum</strong></span> <span class='ocrx_word' id='word_1_156' title='bbox 583 2769 618 2811; x_wconf 89' lang='lat' dir='ltr'><strong>se</strong></span> <span class='ocrx_word' id='word_1_157' title='bbox 640 2747 712 2811; x_wconf 88' lang='lat' dir='ltr'><strong>fore</strong></span> <span class='ocrx_word' id='word_1_158' title='bbox 731 2749 873 2812; x_wconf 89' lang='lat' dir='ltr'><strong>victores</strong></span> <span class='ocrx_word' id='word_1_159' title='bbox 889 2747 1108 2813; x_wconf 79' lang='lat' dir='ltr'><strong>confidebant</strong></span> 
     </span>
    </p>

    <p class='ocr_par' dir='ltr' id='par_1_5' title="bbox 110 2847 1112 3659">
     <span class='ocr_line' id='line_1_25' title="bbox 216 2847 1109 2919; baseline 0.006 -8"><span class='ocrx_word' id='word_1_160' title='bbox 216 2848 269 2914; x_wconf 89' lang='lat'><strong>40.</strong></span> <span class='ocrx_word' id='word_1_161' title='bbox 291 2849 467 2913; x_wconf 87' lang='lat' dir='ltr'><strong>Mittuntur</strong></span> <span class='ocrx_word' id='word_1_162' title='bbox 489 2850 532 2914; x_wconf 90' lang='lat' dir='ltr'><strong>ad</strong></span> <span class='ocrx_word' id='word_1_163' title='bbox 556 2847 733 2914; x_wconf 85' lang='lat' dir='ltr'><strong>Caesarem</strong></span> <span class='ocrx_word' id='word_1_164' title='bbox 755 2849 929 2917; x_wconf 84' lang='lat' dir='ltr'><strong>confestim</strong></span> <span class='ocrx_word' id='word_1_165' title='bbox 952 2848 996 2914; x_wconf 88' lang='lat' dir='ltr'><strong>ab</strong></span> <span class='ocrx_word' id='word_1_166' title='bbox 1021 2849 1109 2919; x_wconf 77' lang='lat' dir='ltr'><strong>cice-</strong></span> 
     </span>
     <span class='ocr_line' id='line_1_26' title="bbox 132 2954 1112 3040; baseline 0.001 -24"><span class='ocrx_word' id='word_1_167' title='bbox 132 2975 211 3018; x_wconf 88' lang='lat' dir='ltr'><strong>rone</strong></span> <span class='ocrx_word' id='word_1_168' title='bbox 235 2954 379 3034; x_wconf 88' lang='lat' dir='ltr'><strong>litterae,</strong></span> <span class='ocrx_word' id='word_1_169' title='bbox 409 2954 537 3037; x_wconf 85' lang='lat' dir='ltr'><strong>magnis</strong></span> <span class='ocrx_word' id='word_1_170' title='bbox 568 2954 747 3038; x_wconf 88' lang='lat' dir='ltr'><strong>propositis</strong></span> <span class='ocrx_word' id='word_1_171' title='bbox 775 2954 930 3040; x_wconf 90' lang='lat' dir='ltr'><strong>praemiis</strong></span> <span class='ocrx_word' id='word_1_172' title='bbox 959 2954 1018 3040; x_wconf 88' lang='lat' dir='ltr'><strong>qui</strong></span> <span class='ocrx_word' id='word_1_173' title='bbox 1046 2975 1112 3040; x_wconf 87' lang='lat' dir='ltr'><strong>per·</strong></span> 
     </span>
     <span class='ocr_line' id='line_1_27' title="bbox 131 3054 1110 3143; baseline 0 -23"><span class='ocrx_word' id='word_1_174' title='bbox 131 3055 299 3137; x_wconf 81' lang='lat' dir='ltr'><strong>tulissent3</strong></span> <span class='ocrx_word' id='word_1_175' title='bbox 324 3054 467 3120; x_wconf 91' lang='lat' dir='ltr'><strong>obsessis</strong></span> <span class='ocrx_word' id='word_1_176' title='bbox 491 3054 642 3120; x_wconf 90' lang='lat' dir='ltr'><strong>omnibus</strong></span> <span class='ocrx_word' id='word_1_177' title='bbox 665 3057 727 3121; x_wconf 90' lang='lat' dir='ltr'><strong>viis</strong></span> <span class='ocrx_word' id='word_1_178' title='bbox 743 3058 834 3121; x_wconf 93' lang='lat' dir='ltr'><strong>missi</strong></span> <span class='ocrx_word' id='word_1_179' title='bbox 852 3056 1110 3143; x_wconf 85' lang='lat' dir='ltr'><strong>intercipiuntur.</strong></span> 
     </span>
     <span class='ocr_line' id='line_1_28' title="bbox 110 3160 1112 3249; baseline 0.007 -31"><span class='ocrx_word' id='word_1_180' title='bbox 110 3160 243 3225; x_wconf 82' lang='lat' dir='ltr'><strong>aNoctu</strong></span> <span class='ocrx_word' id='word_1_181' title='bbox 266 3183 309 3224; x_wconf 89' lang='lat' dir='ltr'><strong>ex</strong></span> <span class='ocrx_word' id='word_1_182' title='bbox 332 3161 480 3241; x_wconf 89' lang='lat' dir='ltr'><strong>materia,</strong></span> <span class='ocrx_word' id='word_1_183' title='bbox 504 3182 601 3246; x_wconf 92' lang='lat' dir='ltr'><strong>quam</strong></span> <span class='ocrx_word' id='word_1_184' title='bbox 624 3161 815 3225; x_wconf 90' lang='lat' dir='ltr'><strong>munitionis</strong></span> <span class='ocrx_word' id='word_1_185' title='bbox 839 3181 941 3225; x_wconf 90' lang='lat' dir='ltr'><strong>causa</strong></span> <span class='ocrx_word' id='word_1_186' title='bbox 963 3182 1112 3249; x_wconf 89' lang='lat' dir='ltr'><strong>compor-</strong></span> 
     </span>
     <span class='ocr_line' id='line_1_29' title="bbox 135 3262 1112 3344; baseline -0.001 -16"><span class='ocrx_word' id='word_1_187' title='bbox 135 3272 297 3344; x_wconf 89' lang='lat' dir='ltr'><strong>taverant,</strong></span> <span class='ocrx_word' id='word_1_188' title='bbox 314 3273 419 3328; x_wconf 88' lang='lat' dir='ltr'><strong>turres</strong></span> <span class='ocrx_word' id='word_1_189' title='bbox 442 3263 620 3328; x_wconf 90' lang='lat' dir='ltr'><strong>admodum</strong></span> <span class='ocrx_word' id='word_1_190' title='bbox 637 3280 705 3328; x_wconf 82' lang='lat' dir='ltr'><strong>cxx</strong></span> <span class='ocrx_word' id='word_1_191' title='bbox 729 3265 916 3329; x_wconf 84' lang='lat' dir='ltr'><strong>excitantur</strong></span> <span class='ocrx_word' id='word_1_192' title='bbox 929 3262 1112 3331; x_wconf 65' lang='lat' dir='ltr'><strong>incredulili</strong></span> 
     </span>
     <span class='ocr_line' id='line_1_30' title="bbox 134 3365 1110 3453; baseline -0.002 -23"><span class='ocrx_word' id='word_1_193' title='bbox 134 3366 318 3450; x_wconf 81' lang='lat' dir='ltr'><strong>celeritate3</strong></span> <span class='ocrx_word' id='word_1_194' title='bbox 334 3389 418 3453; x_wconf 91' lang='lat' dir='ltr'><strong>quae</strong></span> <span class='ocrx_word' id='word_1_195' title='bbox 435 3366 549 3431; x_wconf 89' lang='lat' dir='ltr'><strong>deesse</strong></span> <span class='ocrx_word' id='word_1_196' title='bbox 566 3367 656 3452; x_wconf 89' lang='lat' dir='ltr'><strong>operi</strong></span> <span class='ocrx_word' id='word_1_197' title='bbox 672 3365 880 3450; x_wconf 89' lang='lat' dir='ltr'><strong>videbantur,</strong></span> <span class='ocrx_word' id='word_1_198' title='bbox 891 3367 1110 3452; x_wconf 85' lang='lat' dir='ltr'><strong>perficiuntur.</strong></span> 
     </span>
     <span class='ocr_line' id='line_1_31' title="bbox 112 3468 1112 3558; baseline 0.003 -29"><span class='ocrx_word' id='word_1_199' title='bbox 112 3471 257 3535; x_wconf 82' lang='lat' dir='ltr'><strong>sHostes</strong></span> <span class='ocrx_word' id='word_1_200' title='bbox 281 3482 412 3555; x_wconf 89' lang='lat' dir='ltr'><strong>postero</strong></span> <span class='ocrx_word' id='word_1_201' title='bbox 443 3469 496 3535; x_wconf 91' lang='lat' dir='ltr'><strong>die</strong></span> <span class='ocrx_word' id='word_1_202' title='bbox 518 3470 620 3534; x_wconf 92' lang='lat' dir='ltr'><strong>multo</strong></span> <span class='ocrx_word' id='word_1_203' title='bbox 652 3468 831 3535; x_wconf 90' lang='lat' dir='ltr'><strong>maioribus</strong></span> <span class='ocrx_word' id='word_1_204' title='bbox 862 3469 988 3536; x_wconf 87' lang='lat' dir='ltr'><strong>coactis</strong></span> <span class='ocrx_word' id='word_1_205' title='bbox 1010 3472 1112 3558; x_wconf 88' lang='lat' dir='ltr'><strong>copiis</strong></span> 
     </span>
     <span class='ocr_line' id='line_1_32' title="bbox 111 3572 1110 3659; baseline 0.004 -26"><span class='ocrx_word' id='word_1_206' title='bbox 111 3584 245 3640; x_wconf 69' lang='lat' dir='ltr'><strong>icastra</strong></span> <span class='ocrx_word' id='word_1_207' title='bbox 262 3581 464 3659; x_wconf 86' lang='lat' dir='ltr'><strong>oppugnant,</strong></span> <span class='ocrx_word' id='word_1_208' title='bbox 481 3573 604 3638; x_wconf 86' lang='lat' dir='ltr'><strong>fossam</strong></span> <span class='ocrx_word' id='word_1_209' title='bbox 627 3572 802 3657; x_wconf 90' lang='lat' dir='ltr'><strong>complent.</strong></span> <span class='ocrx_word' id='word_1_210' title='bbox 826 3573 953 3639; x_wconf 85' lang='lat' dir='ltr'><strong>Eadem</strong></span> <span class='ocrx_word' id='word_1_211' title='bbox 975 3576 1110 3656; x_wconf 83' lang='lat' dir='ltr'><strong>ratione,</strong></span> 
     </span>
    </p>
   </div>
   <div class='ocr_carea' id='block_1_3' title="bbox 0 0 1232 4028">
    <p class='ocr_par' dir='ltr' id='par_1_6' title="bbox 0 0 1232 4028">
     <span class='ocr_line' id='line_1_33' title="bbox 0 0 1232 4028; baseline 0 0"><span class='ocrx_word' id='word_1_212' title='bbox 0 0 1232 4028; x_wconf 95' lang='lat' dir='ltr'><strong> </strong></span> 
     </span>
    </p>
   </div>
  </div>
 </body>
</html>
