2430 4028
186 254 246 320 148
488 254 538 303 DE
557 253 677 304 BELLO
700 250 859 308 GALLICO

184 454 336 510 auctores
359 444 503 528 fuerant,
534 445 682 511 comitati
704 467 761 511 eos
791 468 835 511 ex
857 447 991 511 civitate
1014 466 1162 512 excesse-

160 557 267 615 arunt.
303 547 520 634 Cingetorigi,
555 571 651 636 quem
681 549 724 614 ab
753 551 845 616 initio
876 551 1100 635 permansisse
1131 551 1162 613 in

184 653 292 718 officio
317 652 625 737 demonstravimus,
649 655 854 740 principatus
870 662 969 741 atque
990 655 1162 740 imperinm

183 766 234 821 est
256 754 423 821 traditum.

269 858 299 924 9.
328 858 468 942 Caesar,
491 869 666 946 postquam
695 883 737 925 ex
759 861 923 947 Menapiis
945 863 980 926 in
1001 861 1162 929 Treveros

182 966 282 1047 venit,
306 961 434 1028 duabus
458 963 499 1028 de
521 966 630 1029 causis
646 963 795 1030 Rhenum
819 966 960 1032 transire
975 967 1162 1047 constitnit;

160 1088 320 1152 aquarum
342 1088 409 1131 una
432 1076 517 1150 erat,
546 1066 635 1153 quod
658 1068 784 1135 auxilia
814 1077 930 1134 contra
953 1091 989 1134 se
1011 1068 1162 1134 Treveris

183 1172 349 1253 miserant,
373 1169 487 1250 altera,
513 1191 555 1234 ne
582 1170 626 1235 ad
648 1192 705 1236 eos
721 1169 895 1237 Ambiorix
916 1180 1088 1259 receptum
1109 1170 1162 1236 bs·

160 1272 284 1339 aberet.
329 1273 391 1338 His
430 1275 617 1338 constitutis
654 1272 753 1339 rebus
786 1273 922 1362 paulum
954 1297 1058 1361 supra
1091 1298 1162 1341 enm

181 1377 306 1456 locum,
338 1399 402 1462 quo
425 1386 502 1442 ante
524 1378 703 1443 exercitum
727 1378 930 1458 traduxerat,
953 1379 1065 1445 facere
1088 1401 1163 1466 pon·

160 1490 247 1546 stem
276 1482 425 1545 instituit.
471 1480 560 1545 Nota
588 1489 687 1568 atque
716 1483 867 1548 instituta
889 1483 1019 1548 ratione
1042 1504 1160 1568 magno

160 1584 321 1649 nmilitum
344 1583 452 1650 studio
476 1586 592 1669 paucis
617 1583 732 1650 diebus
757 1607 840 1669 opus
864 1585 1016 1652 efficitur.
1051 1586 1160 1653 Firmo

181 1691 215 1753 in
238 1688 390 1754 Treveris
415 1689 458 1752 ad
480 1699 614 1775 pontem
630 1692 794 1776 praesidio
811 1692 937 1775 relicto,
959 1713 1002 1757 ne
1024 1692 1101 1778 quis
1122 1688 1161 1754 ab

181 1793 232 1857 his
263 1792 371 1859 subito
402 1802 509 1859 motus
534 1803 695 1877 oreretur,
723 1795 866 1882 reliquas
894 1795 1010 1882 copias
1041 1795 1162 1880 equita·

160 1906 316 1983 stumque
347 1897 501 1962 traducit.
546 1897 641 1975 Ubii,
671 1899 726 1985 qni
749 1907 826 1964 ante
849 1898 982 1965 obsides
1005 1896 1162 1965 dederant

182 2009 279 2085 atque
301 2003 334 2065 in
359 1999 558 2066 deditionem
590 2011 763 2078 venerant,
795 1999 959 2088 purgandi
988 2002 1040 2066 sni
1064 2021 1162 2067 cansa

182 2104 226 2167 ad
250 2126 324 2168 eum
346 2103 473 2188 legatos
497 2107 641 2187 mittunt,
666 2108 721 2192 qui
746 2105 889 2172 doceant
909 2127 1016 2192 neque
1039 2104 1161 2171 auxilia

183 2229 225 2271 ex
260 2229 320 2270 sua
348 2208 482 2272 civitate
510 2210 544 2271 in
574 2209 737 2274 Treveros
765 2212 883 2294 missa,
918 2230 1025 2295 neque
1056 2209 1100 2275 ab
1130 2229 1162 2273 se

161 2309 281 2375 rfidem
303 2309 447 2394 laesam3
477 2319 593 2395 petunt
622 2322 721 2399 atque
744 2322 854 2397 orant,
884 2321 921 2378 nt
950 2311 1014 2378 sibi
1036 2320 1161 2400 parcat,

182 2437 224 2479 ne
247 2418 412 2480 communi
435 2416 511 2481 odio
536 2416 776 2482 Germanorum
804 2419 996 2483 innocentes
1024 2438 1087 2504 pro
1109 2438 1161 2482 no·

183 2519 332 2585 centibus
355 2542 480 2605 poenas
495 2522 657 2607 pendant,
682 2523 709 2586 si
725 2521 866 2607 amplius
884 2519 1036 2587 obsidum
1054 2520 1160 2602 vellet,

160 2624 261 2689 adare
284 2623 489 2709 pollicentur.
515 2623 654 2710 Cognita
678 2625 803 2691 Caesar
825 2647 929 2691 causa
951 2626 1101 2711 repperit
1120 2621 1159 2688 ab

182 2726 299 2792 Suebis
323 2727 448 2792 auxilia
477 2730 578 2793 missa
606 2752 699 2812 esse,
723 2728 885 2795 Ubiorum
913 2727 1161 2793 satisfactionen

181 2832 317 2917 accipit,
347 2832 456 2897 aditus
479 2834 615 2918 viasque
638 2835 670 2897 in
695 2830 824 2898 Suebos
847 2832 1017 2919 perquirit.

269 2932 317 2999 10.
337 2936 472 3000 interim
494 2938 611 3023 paucis
635 2945 711 3020 post
734 2935 851 3001 diebus
866 2936 905 3001 fit
919 2935 963 3001 ab
975 2932 1075 3002 Ubiis
1097 2956 1160 3001 oer-

180 3040 245 3104 tior
268 3038 396 3104 Suebos
426 3062 539 3104 omnes
569 3041 603 3103 in
632 3062 733 3104 unum
760 3039 870 3105 locum
901 3039 1018 3124 copias
1047 3058 1161 3125 cogere

182 3152 279 3228 atque
301 3143 341 3207 iis
363 3141 570 3224 nationibus,
594 3164 677 3227 quae
702 3142 762 3208 snb
786 3165 899 3208 eornm
926 3143 992 3207 sint
1013 3142 1159 3228 imperio,

184 3247 385 3322 denuntiare,
401 3256 437 3310 ut
456 3244 581 3310 auxilia
597 3246 762 3332 peditatus
777 3248 1008 3332 equitatusque
1021 3248 1159 3313 mittant

161 3351 245 3414 aHis
265 3350 405 3434 cognitis
418 3347 517 3414 rebus
529 3371 597 3414 rem
609 3349 855 3416 frumentariam
867 3348 1029 3435 providet,
1046 3350 1160 3415 castris

183 3453 336 3519 idoneum
351 3451 460 3517 locum
483 3452 611 3536 deligit3
628 3453 725 3518 Ubiis
744 3456 893 3539 imperat,
915 3462 952 3519 ut
971 3473 1097 3541 pecora
1112 3451 1161 3517 de·

183 3557 303 3622 ducant
327 3547 451 3642 suaque
474 3557 584 3620 omnia
606 3577 648 3621 ex
672 3558 760 3641 agris
784 3559 815 3621 in
841 3544 965 3643 oppida
979 3556 1160 3636 conferant,
