2430 4028
375 269 487 320 niens
504 270 525 331 1,
546 269 623 320 cnr.
642 269 751 321 so-sa
1012 270 1053 334 39

71 459 255 525 coniciendi
287 481 354 524 non
388 459 528 525 daretur.
576 460 719 525 Reiectis
759 459 832 545 pilis
872 463 1074 529 comminus⁴

71 562 191 647 gladiis
214 572 396 650 pugnatum
420 572 478 629 est.
502 562 546 628 At
561 562 718 630 Germani
742 563 892 629 celeriter
915 587 957 628 ex
980 587 1052 630 con·

73 667 243 732 suetudine
277 689 337 733 sua
370 665 534 752 phalange
569 667 659 731 facta
692 669 834 751 impetus
868 667 1054 752 gladiorum

73 779 281 856 exceperunt.
326 771 458 855 Reperti
483 778 557 835 sunt
580 768 764 856 complures
792 773 895 836 nostri
924 771 1076 855 milites,s

72 875 127 958 qui
150 875 184 939 in
206 873 393 960 phalangas
416 874 575 939 insilirent
602 883 635 939 et
658 884 753 940 scuta
779 875 931 939 manibus
954 875 1054 939 revel-

71 976 177 1042 lerent
201 987 232 1042 et
255 977 394 1063 desuper
417 977 635 1043 vulnerarent.
683 975 766 1042 Cum
793 977 937 1044 hostium
967 981 1077 1044 aciesc

73 1105 94 1146 a
129 1083 260 1147 sinistro
295 1103 396 1145 cornu
429 1080 526 1165 pulsa
562 1092 660 1166 atque
688 1083 721 1145 in
756 1083 870 1166 fugam
898 1105 1057 1148 conversa

72 1195 168 1269 esset,
193 1208 213 1250 a
236 1186 352 1251 dextro
383 1207 485 1250 cornu
512 1185 722 1252 vehementer
749 1185 957 1253 multitudine
985 1210 1057 1252 suo-

71 1313 144 1355 rum
175 1299 322 1356 nostram
356 1292 460 1355 aciem
490 1289 692 1376 premebant.
737 1290 777 1355 Id
804 1312 878 1357 cum
912 1290 1078 1356 animadv

73 1395 227 1458 vertisset
249 1393 384 1459 Publius
408 1393 547 1460 Crassus
576 1394 788 1468 adulescens,
819 1397 873 1480 qui
896 1397 1058 1479 equitatui

74 1506 241 1582 praeerat,
274 1495 362 1582 quod
390 1496 576 1583 expeditior
604 1506 674 1561 erat
696 1518 795 1582 quam
823 1498 862 1579 ii,
899 1499 953 1582 qui
975 1500 1060 1562 inter

74 1602 181 1664 aciem
203 1599 430 1683 versabantur,
458 1603 589 1666 tertiam
613 1602 719 1665 aciem
740 1599 972 1666 laborantibus
1003 1623 1058 1665 no·

73 1705 151 1769 stris
176 1703 321 1769 subsidio
345 1707 444 1770 misit.

160 1804 211 1870 53.
244 1808 297 1872 Ita
331 1809 490 1894 proelium
517 1810 702 1874 restitutum
726 1818 793 1891 est,
822 1818 919 1896 atque
944 1830 1058 1873 omnes

72 1909 185 1975 hostes
215 1919 310 1995 terga
338 1920 505 1978 verterunt
532 1935 638 1998 neque
668 1916 758 2001 prius
792 1915 903 1997 fugere
928 1911 1059 1977 destite-

72 2023 158 2096 runt,
189 2037 287 2100 quam
317 2014 360 2079 ad
381 2015 503 2082 flumen
525 2016 674 2082 Rhenum
706 2017 798 2083 milia
829 2038 987 2103 passuum
1017 2038 1060 2080 ex

74 2141 115 2183 eo
138 2117 212 2183 loco
236 2120 367 2184 circiter
390 2121 630 2205 quinquaginta
653 2128 881 2205 pervenerunt.
915 2119 967 2184 Ibi
990 2141 1049 2205 per
1068 2143 1080 2180 2

72 2223 171 2306 pauci
194 2230 251 2286 aut
280 2221 405 2289 viribus
429 2223 544 2289 confisi
567 2233 699 2289 tranare
729 2224 969 2290 contenderunt
998 2232 1056 2287 aut

73 2323 225 2389 lintribus
251 2328 392 2392 inventis
422 2325 484 2393 sibi
509 2326 649 2393 salutem
675 2337 899 2414 reppererunt.
944 2327 983 2391 In
1006 2325 1082 2392 hiso

74 2429 137 2493 fuit
159 2426 355 2512 Ariovistus,
386 2433 441 2515 qui
463 2430 651 2497 naviculam
676 2431 855 2516 deligatam
879 2430 922 2496 ad
948 2432 1057 2513 ripam

73 2540 192 2596 nactus
216 2553 257 2596 ea
279 2531 440 2617 profugit3
463 2532 607 2620 reliquos
631 2556 743 2598 omnes
766 2537 915 2619 equitatu
943 2554 1057 2596 conse-

73 2637 144 2699 cuti
177 2637 280 2700 nostri
313 2635 556 2702 interfecerunt.
601 2637 697 2702 Duae
730 2640 863 2703 fuerunt
897 2634 1083 2699 Ariovistir
1140 2670 1142 2679 ·

73 2761 219 2822 uxores,
253 2758 321 2804 una
355 2738 467 2805 Sueba
500 2743 649 2823 natione,
686 2763 784 2826 quam
820 2739 917 2805 domo
953 2758 1065 2802 secum

78 2842 230 2920 duxerat,
255 2842 359 2908 altera
381 2842 513 2927 Norica,
538 2845 624 2928 regis
638 2843 816 2908 Voccionis
841 2864 942 2913 soror,
967 2861 1066 2926 quam

76 2948 112 3011 in
137 2943 246 3010 Gallia
277 2946 417 3012 duxerat
446 2970 466 3011 a
495 2948 597 3012 fratre
626 2947 777 3011 missam:
800 2956 939 3030 utraque
968 2947 1002 3009 in
1025 2966 1066 3008 ea
1140 2954 1143 2965 '

76 3049 159 3132 fuga
173 3051 279 3134 periit.
299 3051 446 3115 Fuerunt
462 3050 546 3116 duae
562 3049 666 3115 filiae:
683 3049 799 3114 harum
818 3050 924 3114 altera
942 3051 1064 3129 occisa,
1139 3099 1142 3106 .

82 3152 190 3217 altera
221 3161 321 3239 capta
349 3163 409 3218 est.
433 3152 536 3218 Gaius
559 3151 712 3218 Valerius
735 3152 911 3226 Procillus,
947 3173 1020 3216 cum
1045 3173 1086 3214 as

78 3256 274 3322 custodibus
298 3258 330 3321 in
353 3258 433 3341 fuga
456 3260 549 3323 trinis
573 3259 698 3322 catenis
714 3259 844 3322 vinctus
868 3255 1060 3336 traheretur,

73 3363 109 3424 in
141 3360 249 3444 ipsum
273 3357 453 3426 Caesarem
485 3359 596 3425 hostes
632 3362 779 3446 equitatu
813 3368 1062 3444 persequentem

76 3462 203 3528 incidit·
229 3461 323 3544 Quae
340 3463 470 3549 quidem
487 3486 539 3528 res
553 3461 691 3530 Caesari
706 3485 772 3527 non
788 3465 947 3528 minorem
964 3483 1085 3548 quame

76 3569 153 3652 ipsa
187 3568 329 3631 victoria
361 3567 565 3652 voluptatem
603 3565 732 3646 attulit,
771 3565 859 3651 quod
896 3565 1063 3630 hominem
