2430 4028
403 273 513 323 nrnnn
530 273 576 336 vr,
597 272 673 323 car.
694 274 803 324 17-21.
1029 273 1090 338 155

107 469 274 531 cruciabas
296 465 504 549 interficiunt.
527 463 659 530 Funera
682 473 757 529 sunt
780 487 839 550 pro
864 464 954 530 cultu
978 463 1113 532 Gallo-4

106 592 181 634 rum
206 568 381 654 magnifica
404 579 436 633 et
459 578 673 655 sumptuosa,
698 572 880 655 omniaque,
901 592 985 655 quae
1008 570 1091 635 vivis

107 673 201 738 cordi
230 673 331 738 fuisse
353 670 574 754 arbitrantur,
609 674 643 736 in
666 675 776 756 ignem
798 673 959 749 inferunt,
994 675 1092 738 etiam

108 775 282 860 animalia,
318 799 358 841 ac
381 775 480 861 paulo
505 798 604 862 supra
626 775 712 840 hanc
735 777 925 841 memoriam
952 779 1037 842 servi
1061 787 1093 842 et

107 882 263 964 clientes,
288 902 371 966 quos
400 880 506 946 abiis
531 879 670 945 dilectos
695 902 765 943 osse
789 879 974 962 constabat,
998 881 1092 945 iustis

106 985 278 1050 funeribus
302 986 460 1049 conlectis
484 1006 550 1048 una
573 982 813 1048 cremabantur.

195 1085 247 1152 20.
272 1087 367 1168 Quae
383 1088 534 1152 civitates
555 1086 761 1151 commodius
786 1108 878 1150 suam
894 1109 961 1151 rem
987 1087 1092 1172 publi-

111 1213 188 1257 cam
228 1191 459 1256 administrare
506 1192 757 1272 existimantur,
802 1188 925 1255 habent
965 1190 1092 1274 legibus

108 1305 285 1378 sanctum,
321 1297 348 1359 si
382 1296 454 1379 quis
489 1294 568 1379 quid
603 1294 642 1358 de
670 1293 862 1379 republica
897 1317 917 1357 a
946 1295 1092 1360 finitimis

105 1419 241 1462 rumore
265 1407 322 1464 aut
344 1398 433 1462 fama
457 1399 632 1482 acceperit,
657 1399 704 1460 uti
728 1396 770 1463 ad
789 1398 1015 1482 magistratum
1039 1398 1092 1464 de·

106 1503 195 1565 forat
224 1523 306 1566 neve
340 1522 415 1564 cum
438 1523 501 1586 quo
532 1500 597 1564 alio
622 1502 858 1577 communicet,
883 1500 971 1586 quod
994 1521 1116 1587 saepes

104 1604 259 1670 homines
293 1607 485 1669 temerarios
523 1613 621 1688 atque
660 1605 829 1689 imperitos
862 1604 955 1669 falsis
989 1628 1095 1671 rumo-

107 1707 202 1774 ribus
231 1709 344 1773 terreri
379 1718 411 1772 ot
445 1707 487 1771 ad
515 1709 644 1772 facinus
675 1705 799 1791 impelli
828 1717 859 1771 et
890 1707 929 1772 de
959 1711 1093 1774 summis

105 1811 209 1878 rebus
231 1811 403 1876 consilium
428 1833 547 1895 capere
576 1812 743 1893 cognitum
772 1820 832 1876 est.
877 1811 1115 1895 Magistratuss

108 1939 196 2002 quae
211 1917 283 1980 visa
308 1925 383 1980 sunt
406 1914 583 1997 occultant,
601 1937 751 2000 quaeque
774 1937 847 1978 esse
870 1938 912 1979 cx
928 1938 990 1981 usu
1012 1917 1093 1982 iudi·

105 2028 276 2102 caverunt,
306 2018 504 2083 multitudini
529 2018 683 2103 produnt.
727 2018 779 2082 De
801 2040 837 2082 re
866 2017 999 2102 publica
1033 2022 1096 2085 nisi

104 2145 167 2208 per
189 2123 363 2188 concilium
385 2122 474 2207 loqui
497 2145 562 2187 non
586 2121 785 2186 conceditur.

195 2229 245 2290 21.
270 2228 427 2293 Germani
442 2228 579 2292 multum
602 2226 644 2290 ab
663 2226 728 2290 hac
752 2225 990 2291 consuetudine
1007 2225 1083 2291 diffe

104 2339 193 2396 runt.
217 2330 303 2396 Nam
325 2353 431 2416 neque
456 2330 587 2395 druides
611 2329 743 2413 habent,
774 2331 829 2416 qui
852 2329 948 2394 rebus
975 2330 1093 2395 divinis

107 2436 266 2518 praesint,
290 2456 396 2520 neque
421 2434 591 2500 sacrificiis
615 2435 757 2498 student.
787 2435 933 2500 Deorum
957 2457 1115 2504 numeror

104 2559 165 2602 eos
197 2537 286 2603 solos
315 2539 447 2615 ducunt,
479 2559 561 2623 quos
592 2547 728 2602 cernunt
758 2547 790 2601 et
813 2560 951 2623 quorum
978 2548 1092 2624 aperte

105 2639 226 2726 opibus
260 2643 429 2723 iuvantur,
465 2640 575 2705 Solem
611 2650 643 2704 et
665 2639 852 2705 Vulcanum
886 2651 918 2705 et
952 2642 1092 2724 Lunam,

103 2743 251 2829 reliquos
270 2767 313 2808 ne
336 2745 425 2808 sama
441 2743 573 2830 quidem
597 2753 803 2829 acceperunt.
827 2745 906 2809 Vita
930 2746 1035 2810 omnis
1060 2747 1117 2814 ina

103 2834 341 2912 venationibus
364 2856 463 2933 atque
485 2851 519 2911 in
543 2847 659 2910 studiis
683 2848 729 2910 rei
753 2848 903 2912 militaris
927 2851 1093 2933 consistit;

105 2950 149 3016 ab
174 2949 321 3034 parvulis
350 2947 456 3014 labori
487 2971 527 3014 ac
552 2949 689 3014 duritiae
714 2950 854 3014 student.
893 2951 957 3032 Qui
981 2951 1117 3020 diutisr

105 3056 189 3120 sime
211 3052 398 3137 impuberes
422 3063 680 3137 permanserunt,
705 3055 884 3117 maximam
907 3056 992 3119 inter
1016 3077 1093 3120 suos

105 3157 216 3222 ferunt
243 3155 392 3221 laudem:
421 3157 485 3221 hoc
515 3157 558 3221 ali
582 3166 751 3238 staturam,
783 3157 826 3222 ali
849 3160 936 3223 vires
960 3182 1092 3223 nervos·

106 3282 171 3345 que
194 3260 381 3324 confirmari
396 3268 523 3345 putant.
548 3260 639 3324 Intra
660 3282 782 3325 annum
800 3283 876 3325 vero
901 3263 1115 3329 vicesimums

104 3363 249 3428 feminae
271 3364 423 3429 notitiam
447 3363 601 3428 habuisse
625 3364 659 3427 in
681 3366 876 3450 turpissimis
899 3363 1022 3430 habent
1044 3390 1093 3431 re·

105 3465 185 3549 bus,
216 3466 309 3530 cuius
342 3468 389 3531 rei
412 3465 502 3531 nulla
532 3475 582 3531 est
614 3467 812 3549 occultatio,
846 3469 935 3554 quod
963 3479 996 3534 et
1018 3493 1092 3555 pro-

109 3572 234 3634 miscue
268 3570 302 3632 in
340 3568 527 3635 fluminibus
562 3569 753 3655 perluuntur
786 3579 818 3635 et
857 3571 998 3657 pellibus
1033 3581 1090 3638 aut
