2430 4028
378 297 489 347 msnu
507 298 539 362 V,
559 297 635 352 cnr.
656 297 730 346 1-2.
985 298 1047 362 105

63 485 288 571 praefecerat,
312 483 390 569 uti,
424 508 522 572 quam
557 486 714 572 plurimas
749 498 906 573 possent,
940 487 1047 553 hieme

60 610 163 653 naves
188 588 413 656 aedificandas
436 600 629 676 veteresque
653 591 852 675 {reficiendas
883 602 1045 657 curarent.

60 693 189 758 Earum
210 692 344 759 modum
367 693 572 778 formamque
597 694 812 761 demonstrat.
858 693 913 760 Ad
936 695 1070 760 celeri-2

60 804 162 862 tatem
186 797 343 862 onerandi
371 796 672 883 subductionesque
702 797 801 883 paulo
833 798 914 863 facit
944 800 1047 863 humi-

60 898 171 983 liores,
197 922 297 985 quam
313 898 431 985 quibus
455 901 488 964 in
511 910 624 966 nostro
641 903 724 966 mari
740 903 787 966 uti
803 903 1044 983 consuevimus,

60 1013 160 1088 atque
190 1002 224 1067 id
254 1024 292 1068 eo
322 1005 438 1087 magis,
472 1003 559 1088 quod
583 1014 717 1090 propter
740 1004 873 1070 crebras
904 1027 1046 1070 commu-

58 1109 203 1172 tationes
238 1115 389 1171 aestuum
423 1109 530 1173 minus
565 1129 703 1192 magnos
740 1109 787 1172 ibi
819 1108 939 1174 fluctus
976 1109 1046 1174 fieri

60 1219 284 1295 cognoverat3
307 1211 351 1275 ad
375 1233 474 1276 onera
497 1233 536 1276 ac
562 1210 805 1278 multitudinem
828 1214 1047 1278 iumentorum

60 1314 355 1399 transportandam
389 1315 488 1401 paulo
523 1314 678 1399 latiores,
716 1317 822 1402 'quam
861 1316 980 1403 quibus
1014 1319 1048 1383 in

62 1417 200 1503 reliquis
223 1419 345 1486 utimur
372 1417 528 1484 maribus.
568 1419 640 1485 Has
665 1441 778 1486 omnes
802 1422 967 1485 actuarias
990 1423 1069 1490 im-s

59 1531 159 1606 porat
174 1520 256 1598 fieri,
281 1543 377 1608 quam
401 1521 535 1587 adrem
551 1521 688 1588 multum
712 1523 877 1588 humilitas
901 1524 1044 1588 adiuvat.

58 1624 121 1707 Ea,
139 1645 225 1710 quae
249 1634 324 1690 sunt
345 1627 419 1690 usui
436 1625 479 1690 ad
494 1625 670 1692 armandas
687 1648 799 1700 naves,
824 1650 865 1691 ex
882 1627 1069 1712 Hispanias

59 1729 230 1815 apportari
254 1729 356 1794 iubet.
385 1730 461 1815 Ipse
484 1730 699 1795 conventibus
732 1729 862 1795 Galliae
886 1732 1069 1801 citerioriss

58 1832 206 1916 peractis
234 1831 268 1896 in
299 1831 468 1916 Illyricum
491 1833 720 1919 proficiscitur,
753 1834 842 1920 quod
866 1857 886 1900 a
908 1835 1046 1901 Pirustis

57 1936 233 2001 finitimam
267 1944 394 2021 partem
424 1938 613 2021 provinciae
647 1938 887 2004 incursionibus
922 1942 1046 2004 vastari

59 2039 226 2105 audiebat.
272 2040 322 2106 Eo
350 2064 424 2106 cum
447 2044 603 2118 venisset,
627 2039 815 2107 civitatibus
844 2042 963 2108 milites
987 2046 1069 2110 im=o

57 2152 156 2230 perat
181 2152 370 2230 certumque
393 2146 426 2207 in
449 2144 557 2209 locum
583 2146 756 2209 convenire
780 2145 878 2209 iubet.
915 2144 989 2226 Qua
1010 2170 1068 2213 rer

58 2248 213 2312 nuntiata
235 2247 385 2313 Pirustae
415 2247 542 2331 legatos
565 2249 609 2313 ad
632 2270 706 2313 eum
729 2250 876 2329 mittunt,
910 2252 965 2335 qui
990 2251 1045 2315 do·

57 2359 158 2417 ceant
190 2349 270 2415 nibil
300 2372 412 2416 earum
443 2373 551 2415 rerum
579 2350 711 2436 publico
741 2353 863 2417 facturn
894 2353 1043 2435 consilio,

58 2475 200 2540 seseque
228 2464 361 2539 paratos
396 2477 468 2518 esse
499 2455 725 2520 demonstrant
760 2454 910 2521 omnibus
945 2459 1043 2523 ratio-

57 2559 159 2623 nibus
193 2556 233 2621 de
268 2559 392 2623 iniuriis
432 2559 634 2624 satisfacere.
697 2559 857 2643 Percepta
896 2562 1067 2626 orationes

56 2684 173 2727 eorum
197 2659 321 2725 Caesar
356 2661 488 2726 obsides
522 2665 662 2747 imperat
697 2685 818 2748 eosque
849 2663 892 2728 ad
921 2674 1044 2728 certam

58 2765 148 2830 diem
173 2764 292 2828 adduci
312 2764 418 2847 iubet3
441 2767 503 2831 nisi
526 2768 572 2830 ita
596 2768 741 2848 fecerint,
767 2790 838 2833 sese
855 2766 941 2832 bello
967 2770 1044 2832 civi·
1111 2834 1113 2839 ,

55 2878 162 2933 tatem
193 2875 440 2954 persecuturum
475 2867 687 2934 demonstrat.
724 2869 768 2936 Iis
797 2870 840 2935 ad
875 2871 960 2936 diem
991 2873 1065 2939 ado

57 2972 178 3046 ductis,
201 2981 237 3035 ut
259 2973 499 3056 imperaverat,
531 2973 672 3039 arbitros
695 2976 779 3040 inter
801 2977 952 3040 civitates
977 2976 1043 3060 dat,

57 3077 114 3160 qui
137 3073 228 3140 litem
251 3075 425 3140 aestiment
448 3099 654 3163 poenamque
678 3082 890 3144 constituant.

144 3176 175 3242 2.
200 3179 260 3245 His
285 3179 445 3246 confectis
469 3180 567 3245 rebus
591 3181 874 3267 conventibusque
898 3185 1041 3268 peractis

56 3284 91 3346 in
115 3281 465 3365 citeriorem[Galliam
481 3287 654 3351 revertitur
670 3295 768 3372 atque
791 3287 866 3352 inde
890 3288 934 3353 ad
953 3292 1063 3353 exer?

57 3387 160 3451 citum
184 3386 412 3470 proficiscitur.
453 3391 503 3454 Eo
528 3412 601 3455 cum
625 3393 777 3473 venisset,
802 3393 946 3455 circuitis
977 3415 1060 3458 oms

56 3483 157 3554 nibus
185 3490 331 3556 hibernis
360 3492 518 3576 singulari
548 3493 685 3559 militum
715 3495 821 3560 studio
853 3497 886 3561 in
916 3517 1042 3559 summa

58 3585 205 3658 omnium
221 3616 329 3659 rerum
344 3596 457 3681 iuopia
479 3597 609 3662 circiter
625 3606 793 3663 sescentas
818 3600 886 3663 eius
904 3599 1042 3683 generis,
