2430 4028
398 258 509 308 arnna
527 259 572 319 vr,
592 257 669 309 our.
688 258 798 308 ai-aa.
1025 256 1085 320 157

103 450 252 517 desidiae
280 451 476 516 minuendae
506 473 608 516 causa
629 451 699 515 fieri
730 451 932 534 praedicant.
977 448 1110 534 Atquer

103 553 164 619 ubi
189 555 261 640 quis
285 578 327 620 ex
349 554 555 640 principibus
582 557 614 620 in
639 555 779 620 concilio
804 554 888 619 dixit
912 577 947 618 se
970 553 1088 618 ducem

101 659 185 741 fore,
206 661 260 744 qui
278 661 368 746 sequi
390 658 504 742 velint,
520 660 746 745 profiteantur,
764 667 967 743 consurgunt
981 659 1014 741 ii,
1033 657 1088 744 qui

103 770 138 826 et
161 784 296 828 causam
325 771 358 828 et
380 763 545 828 hominem
573 761 715 849 probant
739 784 896 847 suumque
929 761 1110 827 auxiliums

103 865 302 952 pollicentur
325 874 425 952 atque
454 865 497 930 ab
521 865 729 931 multitudine
753 865 1003 947 collaudantur3
1032 864 1088 949 qui

105 992 149 1033 ex
173 967 223 1033 his
247 971 352 1033 secuti
383 991 450 1032 non
483 977 574 1049 sunt,
610 971 643 1033 in
676 969 880 1033 desertorum
911 989 950 1031 ao
980 965 1089 1052 prodi·

103 1082 213 1138 torum
249 1093 384 1136 numero
424 1070 607 1152 ducuntur,
647 1073 855 1158 omniumque
893 1072 944 1137 his
981 1092 1089 1134 rerum

103 1185 223 1262 postea
250 1174 332 1241 fides
361 1175 549 1258 derogatur.
581 1175 756 1260 Hospitem
789 1174 914 1240 violare
941 1174 992 1239 fas
1022 1194 1111 1237 nona

103 1287 242 1364 putant3
270 1281 326 1364 qui
350 1299 555 1364 quacumque
579 1279 620 1342 de
644 1300 744 1343 causa
767 1278 810 1343 ad
839 1300 895 1344 eos
918 1285 1089 1358 venerunt,

102 1380 148 1446 ab
177 1380 295 1446 iniuria
328 1381 519 1466 prohibent,
549 1389 684 1447 sanctos
714 1380 847 1463 habent,
876 1378 990 1465 hisque
1023 1402 1089 1444 om·

102 1489 196 1551 nium
221 1485 336 1550 domus
358 1494 474 1569 patent
495 1487 667 1571 victusque
690 1487 959 1550 communicatur.

191 1588 244 1652 24.
269 1590 318 1652 Ao
341 1589 402 1652 suit
425 1598 522 1654 antea
544 1598 683 1674 tempus,
708 1611 781 1654 oum
799 1587 983 1655 Germanos
1000 1589 1090 1656 Galli

104 1694 225 1758 virtute
248 1701 450 1776 superarent,
470 1692 555 1757 ultro
578 1692 667 1758 bella
690 1693 857 1774 inferrent,
874 1703 1010 1779 propter
1032 1693 1090 1758 ho·

103 1799 231 1862 minum
252 1795 493 1861 multitudinem
516 1798 652 1882 agrique
675 1798 821 1881 inopiam
837 1805 927 1860 trans
940 1796 1090 1861 Rhenum

104 1899 255 1966 colonias
278 1901 454 1965 mitterent.
477 1898 593 1984 Itaque
617 1920 664 1978 ea,
690 1921 774 1985 quae
790 1898 991 1964 fertilissima
1009 1899 1112 1965 Ger-a

103 2004 237 2069 maniae
261 2011 345 2085 sunt,
368 2001 444 2067 loca
467 2002 590 2067 circum
613 2002 815 2087 Hercyniam
840 2001 966 2086 silvam,
991 2025 1090 2089 quam

104 2105 320 2171 Eratostheni
344 2115 377 2171 et
400 2103 596 2192 quibusdam
610 2104 749 2171 Graecis
771 2107 861 2170 fama
880 2115 994 2171 notam
1018 2130 1090 2172 esse

103 2209 214 2293 video,
239 2230 337 2294 quam
360 2209 407 2274 illi
425 2208 604 2294 Orcyniam
628 2207 808 2294 appellant,
832 2209 956 2274 Volcae
972 2210 1090 2275 Tecto·

107 2333 210 2397 sages
241 2306 488 2398 occupaverunt
522 2321 620 2398 atque
654 2312 702 2377 ibi
735 2312 971 2397 consederunt3
1007 2337 1113 2399 quaes

105 2439 189 2501 gens
213 2416 336 2483 adhoc
359 2426 488 2502 tempus
512 2416 564 2480 his
588 2415 720 2481 sedibus
745 2438 816 2481 sese
837 2418 983 2483 continet
1007 2441 1091 2483 sum·

104 2541 261 2605 mamque
273 2520 372 2585 habet
394 2520 537 2585 iustitiae
560 2528 593 2585 et
612 2517 753 2585 bellicae
769 2519 876 2584 laudis
893 2523 1089 2605 opinionem.

105 2624 204 2688 Nunc
228 2644 358 2709 quoque
386 2624 418 2688 in
443 2623 557 2689 eadem
583 2621 721 2707 [inopia]
747 2633 894 2706 egestate
917 2626 1114 2708 patientia-r

106 2750 171 2814 que
187 2725 345 2794 Germani
369 2737 572 2813 permanent,
598 2727 713 2792 eodem
737 2729 825 2791 victu
849 2736 882 2792 et
907 2729 997 2793 cultu
1021 2751 1091 2794 cor·

106 2833 200 2918 poris
229 2840 379 2914 utuntur3
410 2829 515 2897 Gallis
546 2840 654 2896 autem
686 2832 929 2916 provinciarum
958 2835 1112 2918 propin-a

109 2938 222 3022 quitas
253 2944 286 2998 et
314 2934 608 2999 transmarinarum
638 2957 746 2999 rerum
774 2937 891 2999 notitia
921 2935 1024 3000 multa
1047 2934 1090 2998 ad

107 3041 241 3126 copiam
276 3047 374 3122 atque
407 3059 486 3102 usus
521 3036 679 3121 largitum
721 3036 879 3122 paulatim
913 3039 1113 3106 assuefactio

108 3142 259 3228 superari
281 3140 456 3227 multisque
483 3142 561 3205 victi
585 3140 717 3225 proeliis
746 3164 786 3205 ne
817 3165 852 3207 se
875 3143 1006 3227 quidem
1028 3145 1092 3228 ipsi

107 3244 270 3311 cumillis
293 3246 413 3309 virtute
437 3253 640 3330 comparant.

196 3346 248 3412 25.
273 3348 382 3412 Huius
397 3347 587 3434 Hercyniae
607 3347 719 3431 silvae,
736 3370 820 3433 quae
845 3370 944 3434 supra
960 3347 1092 3414 demon-

109 3460 215 3518 strata
248 3461 310 3534 est,
344 3449 484 3516 latitudo
518 3473 638 3515 novem
673 3450 798 3516 dierum
835 3453 898 3515 iter
932 3451 1092 3537 expedito

109 3563 218 3641 patet3
240 3576 307 3619 non
330 3555 416 3620 enim
439 3553 535 3618 aliter
550 3554 635 3617 finiri
659 3563 777 3638 potest,
802 3575 905 3639 neque
922 3576 1092 3621 mensuras
