2430 4028
390 263 500 312 uranu
519 263 567 324 nr,
588 262 663 311 crlr‘.
683 261 794 314 rae-cs.
1047 264 1086 327 79

102 479 237 521 numero
267 455 398 519 fuerunt
425 453 582 536 Tarbelli,
614 455 837 538 Bigerriones,
868 455 997 532 Ptianii,
1022 454 1086 519 Vo-

104 568 206 640 cates,
231 559 420 641 Tarusates,
444 556 609 640 Elusates,
642 556 754 640 Gales,
779 559 891 638 Ausci,
916 556 1086 640 Garumni,

106 661 293 743 Sibuzates,
310 659 513 742 Cocosates3
536 683 663 746 paucae
680 661 814 726 ultimae
836 664 986 726 nationes
1010 663 1109 726 annis

104 775 250 849 ternpore
273 764 427 846 confisae,
457 763 545 850 quod
572 764 674 829 hiems
705 763 851 846 suberat,
886 764 948 828 hoc
979 765 1087 828 iacere

104 869 331 952 neglexerunt.

190 973 243 1036 28.
275 971 403 1036 Eodem
431 972 498 1035 fere
531 981 677 1055 tempore
714 969 854 1052 Caesar,
890 972 950 1037 etsi
986 994 1087 1056 prope

102 1084 225 1140 exacta
255 1076 321 1139 iam
349 1082 460 1139 aestas
491 1083 570 1155 erat,
601 1085 720 1158 tamen,
754 1074 842 1159 quod
866 1077 953 1139 omni
978 1074 1088 1141 Gallia

102 1187 228 1264 pacata
250 1177 370 1241 Morini
393 1176 603 1261 Menapiique
627 1186 827 1261 supererant,
853 1181 907 1262 qui
931 1180 963 1241 in
988 1180 1087 1242 armis

103 1290 217 1346 essent
240 1302 344 1365 neque
368 1280 411 1345 ad
434 1302 507 1344 eum
531 1301 683 1364 umquam
710 1280 837 1363 legatos
862 1282 902 1346 de
926 1303 1008 1365 pace
1032 1285 1088 1346 mi-

106 1387 238 1465 sissent,
262 1383 439 1448 arbitratus
462 1384 496 1447 id
520 1383 637 1449 bellum
663 1385 813 1449 celeriter
836 1386 954 1450 confici
978 1408 1086 1470 posse,

106 1512 146 1553 eo
178 1490 357 1552 exercitum
387 1487 541 1569 adduxit,
576 1491 630 1572 qui
660 1488 757 1572 longe
791 1488 857 1552 alia
891 1490 1017 1554 ratione
1048 1514 1088 1554 ac

103 1591 221 1676 reliqui
252 1589 340 1655 Galli
369 1590 491 1655 bellum
515 1613 632 1675 gerere
656 1601 844 1676 coeperunt.
889 1593 973 1656 Nam
999 1593 1109 1677 quoda

102 1694 343 1779 intellegebant⁴
368 1695 530 1758 maximas
560 1697 719 1776 nationes,
751 1717 835 1778 quae
859 1696 981 1779 proelio
1012 1718 1087 1760 oon·

102 1797 298 1880 tendisseut,
323 1795 436 1880 pulsas
461 1808 696 1887 superatasque
719 1821 801 1880 esse,
818 1800 1087 1884 continentesque

105 1901 208 1967 silvas
238 1920 278 1962 ac
312 1898 451 1984 paludes
485 1896 670 1974 habebant,
707 1923 744 1965 eo
770 1924 805 1965 se
829 1923 953 1986 suaque
977 1903 1087 1966 omnia

103 2001 323 2070 contulerunt.
339 2001 393 2066 Ad
410 2024 547 2086 quarum
562 2004 690 2067 initium
707 2003 863 2069 silvarum
876 2027 949 2068 cum
963 2003 1109 2069 Caesare

104 2107 309 2192 pervenisset
322 2115 497 2190 castraque
511 2107 635 2170 munire
651 2108 853 2188 instituisset,
862 2131 966 2193 nequo
983 2109 1086 2174 hostis

104 2211 236 2275 interim
259 2211 348 2273 visus
372 2218 468 2290 esset,
487 2209 644 2294 dispersis
668 2213 700 2275 in
718 2234 816 2296 opere
832 2214 952 2277 nostris
977 2212 1085 2276 subito

103 2339 147 2378 ex
165 2312 316 2378 omnibus
333 2311 482 2397 partibus
500 2312 604 2378 silvae
620 2314 834 2380 evolaverunt
858 2318 939 2379 etin
955 2325 1085 2380 nestros

103 2420 263 2502 impetum
293 2416 449 2482 fecerunt.
482 2416 593 2482 Nostri
624 2417 773 2482 celeriter
805 2441 897 2483 arma
931 2428 1109 2504 ceperuntr

107 2542 231 2604 eosque
260 2520 293 2582 in
322 2519 422 2583 silvas
445 2520 658 2605 reppulerunt
680 2531 713 2585 et
736 2521 959 2606 compluribus
993 2524 1088 2586 inter-

105 2624 203 2688 fectis
225 2622 356 2705 longius
379 2623 642 2707 impeditioribus
665 2623 746 2688 locis
771 2626 874 2688 secuti
897 2647 1020 2710 paucos
1044 2649 1086 2689 ex

105 2727 174 2790 suis
200 2723 463 2810 deperdiderunt.

192 2827 244 2891 29.
268 2828 414 2914 Reliquis
431 2829 587 2915 deinceps
612 2828 727 2895 diebus
744 2828 868 2896 Caesar
892 2831 991 2896 silvas
1015 2857 1086 2897 cae·

107 2934 187 2998 dere
210 2932 365 3014 instituit,
397 2942 429 2996 et
451 2955 493 2997 ne
518 2934 589 3018 quis
612 2933 790 2999 inermibus
813 2936 1087 3020 imprudentibus-

104 3058 169 3121 que
191 3033 349 3099 militibus
373 3035 414 3100 ab
438 3035 540 3101 latere
563 3037 704 3122 impetus
720 3037 789 3101 fieri
813 3049 933 3123 posset,
959 3062 1087 3104 omnem

104 3162 178 3204 eam
202 3140 385 3221 materiam,
410 3162 494 3225 quae
518 3151 589 3205 erat
612 3162 721 3218 caesa,
750 3163 945 3205 conversam
968 3143 1010 3206 ad
1033 3142 1087 3207 ho·

104 3254 189 3308 stem
213 3241 401 3307 collocabat
423 3253 455 3307 et
469 3264 528 3328 pro
553 3243 640 3308 vallo
665 3244 709 3308 ad
725 3255 897 3330 utrumque
920 3245 1006 3310 latus
1030 3270 1085 3310 ex·

105 3346 265 3412 struebat.
286 3346 476 3411 Incredibili
499 3347 665 3412 celeritate
688 3371 808 3432 magno
839 3350 946 3433 spatio
971 3352 1107 3434 paucist

105 3450 222 3515 diebus
246 3449 406 3532 confecto,
431 3473 505 3516 cum
528 3453 594 3515 iarn
610 3473 710 3536 pecus
735 3461 832 3536 atquc
856 3461 1003 3518 extrema
1026 3455 1084 3518 im·

105 3553 295 3638 pedimenta
310 3552 352 3616 ab
370 3554 490 3617 nostris
506 3562 702 3634 tenerentur,
717 3556 777 3639 ipsi
796 3555 962 3620 densiores
983 3555 1082 3620 silvas
