2430 4028
410 293 521 342 LIBER
539 294 570 355 V,
591 293 668 344 CAP.
687 294 797 344 54-57.
1033 295 1093 358 139

104 482 225 569 lapsus
259 482 504 548 Indutiomarus
539 481 640 547 nihilo
674 484 782 548 minus
817 486 931 568 copias
967 506 1093 569 cogere,

106 608 283 669 exercere,
311 607 331 651 a
359 586 504 652 finitimis
533 608 636 672 equos
658 608 787 671 parare,
822 585 936 651 exules
960 587 1094 652 damna·

106 700 227 776 tosque
250 698 322 754 tota
346 687 456 754 Gallia
479 689 607 773 magnis
636 690 790 774 praemiis
821 690 865 755 ad
893 713 928 757 se
958 689 1089 755 allicere

105 795 228 878 coepit.
276 792 326 857 Ae
361 801 488 859 tantam
525 792 586 857 sibi
621 795 685 858 iam
715 793 765 857 his
796 792 893 859 rebus
922 795 955 858 in
983 794 1118 860 Callias

104 899 339 961 auctoritatem
355 904 616 982 comparaverat,
635 906 669 960 ut
691 897 836 983 undique
860 897 992 963 adeum
1009 898 1096 982 lega·
1152 925 1155 930 ·

103 1004 217 1066 tiones
233 1008 474 1082 concurrerent,
498 1002 638 1084 gratiam
656 1009 753 1085 atque
770 1001 947 1066 amicitiam
964 1000 1096 1086 publice

107 1105 331 1192 privatimque
354 1112 511 1189 peterent.

194 1205 246 1270 56.
269 1206 336 1272 Ubi
358 1207 521 1272 intellexit
544 1207 628 1271 ultro
653 1206 697 1272 ad
722 1230 756 1272 se
780 1209 893 1290 veniri,
925 1208 1030 1273 altera
1053 1231 1094 1272 ex

107 1319 205 1396 parte
228 1311 376 1376 Senones
392 1309 617 1397 Carnutesque
641 1313 845 1376 conscientia
868 1312 1025 1376 facinoris
1048 1314 1095 1376 in·

105 1415 243 1498 stigari,
281 1415 385 1479 altera
413 1415 551 1480 Nervios
580 1413 839 1501 Aduatucosque
873 1414 996 1480 bellurn
1031 1416 1094 1479 Ro-

103 1519 215 1584 manis
238 1540 372 1602 parare,
404 1540 508 1604 neque
532 1516 593 1582 sibi
617 1518 878 1583 voluntariorum
901 1520 1016 1603 copias
1040 1518 1094 1583 de-

102 1623 188 1704 fore,
213 1622 240 1685 si
264 1644 307 1685 ex
325 1619 444 1684 linibus
469 1621 536 1684 suis
560 1622 716 1705 progredi
734 1622 909 1705 coepisset,
933 1631 1093 1687 armatum

104 1724 283 1792 concilium
305 1723 430 1789 indicit.
484 1723 556 1789 Hoc
580 1746 670 1789 more
695 1724 867 1790 Gallorum
896 1735 945 1789 est
967 1726 1117 1790 initiuma

105 1829 204 1894 belli:
229 1851 292 1914 quo
317 1827 390 1913 lege
405 1828 569 1892 communi
595 1850 707 1893 omnes
724 1826 867 1912 puberes
883 1830 1001 1893 armati
1018 1850 1094 1893 con-

103 1935 219 1998 venire
242 1941 456 2012 consuerunt,
487 1934 541 2018 qui
566 1954 608 1995 ex
637 1934 677 1995 iis
700 1932 900 1996 novissimus
929 1935 1093 2014 convenit,

102 2038 138 2102 in
169 2043 348 2122 conspectu
377 2034 592 2100 multitudinis
629 2033 778 2098 omnibus
810 2033 1010 2100 cruciatibus
1045 2037 1093 2099 al·

103 2138 212 2204 fectus
235 2149 380 2204 necatur.
403 2139 443 2203 In
466 2161 504 2204 eo
529 2139 667 2203 concilio
685 2136 938 2223 Cingetorigem,
957 2138 1114 2204 alteriuss

104 2243 288 2328 principem
323 2243 494 2323 factionis,
530 2265 685 2328 generum
719 2267 829 2323 suum,
864 2266 960 2329 quem
994 2267 1093 2329 supra

103 2346 403 2412 demonstravimus
428 2345 581 2411 Caesaris
605 2356 752 2412 secutum
776 2346 874 2411 fidem
897 2345 939 2410 ab
964 2370 1002 2410 eo
1027 2369 1093 2411 non

103 2449 321 2528 discessisse,
357 2450 483 2516 hostem
507 2450 632 2516 iudicat
655 2450 807 2535 bonaque
837 2450 905 2515 eius
933 2450 1090 2535 publicat.

102 2553 168 2617 His
184 2552 282 2619 rebus
298 2554 458 2620 confectis
482 2556 516 2619 in
532 2553 674 2620 concilio
692 2556 882 2639 pronuntiat
898 2554 1115 2619 arcessitum

104 2679 140 2720 ae
162 2679 185 2721 a
207 2655 392 2722 Senonibus
418 2667 450 2722 et
474 2656 675 2723 Carnutibus
700 2656 838 2742 aliisque
868 2657 1091 2742 compluribus

103 2757 238 2826 Galliae
261 2759 468 2845 civitatibus,
499 2761 563 2826 huc
586 2762 707 2825 iturum
730 2760 892 2845 perfines
915 2760 1114 2824 Remorumo

102 2884 284 2948 eorumque
309 2885 407 2946 agros
430 2865 665 2950 populaturum
689 2885 738 2946 ac,
771 2863 962 2948 priusquam
987 2863 1021 2927 id
1044 2864 1090 2927 fa-

103 2967 181 3050 ciat,
206 2975 317 3032 castra
332 2967 473 3033 Labieni
498 2977 773 3053 oppugnaturum.
798 2966 891 3047 Quae
906 2967 976 3030 fieri
999 2965 1089 3046 velit,

101 3071 276 3158 praecipit.

189 3172 242 3238 57.
266 3171 445 3256 Labienus,
469 3195 543 3238 cum
567 3183 599 3238 et
622 3174 685 3238 loci
712 3183 829 3239 natura
852 3183 883 3238 et
897 3195 997 3238 manu
1021 3195 1088 3236 mu-

101 3279 274 3343 nitissimis
304 3279 420 3342 castris
451 3299 523 3341 sese
551 3287 692 3359 teneret,
729 3277 768 3341 de
803 3300 861 3341 suo
886 3299 926 3342 ac
950 3277 1088 3360 legionis

103 3379 251 3466 periculo
285 3379 366 3446 nihil
401 3379 554 3463 timebat3
593 3404 633 3445 ne
668 3403 764 3466 quam
800 3382 1009 3444 occasionem
1042 3382 1088 3443 rei

102 3485 187 3552 bene
203 3485 375 3570 gerendae
392 3484 577 3567 dimitteret,
601 3483 779 3568 cogitabat.
803 3484 920 3569 Itaque
938 3506 958 3546 a
976 3481 1112 3566 Cinge-a

101 3592 206 3674 torige
237 3596 337 3674 atque
375 3589 445 3653 eius
468 3589 661 3673 propinquis
698 3589 843 3652 oratione
871 3587 1088 3652 Indutiomari
