2430 4028
384 278 493 332 ursan
511 278 584 344 vm,
605 277 681 329 oss.
700 277 810 329 sr-sr.
1023 276 1087 342 249

103 473 253 558 legiones
282 476 316 539 in
344 479 557 558 conspectum
591 472 734 537 hostium
769 472 915 537 veniunt.
962 470 1111 554 Quibuss

103 578 186 642 visis
216 579 386 663 perculsae
414 576 632 642 barbarorum
664 585 792 642 turmae
826 597 866 640 ac
896 580 1088 662 perterritae

103 683 196 748 acies
223 683 366 747 hostium
396 680 587 767 perturbato
618 679 925 766 impedimentorum
959 684 1088 765 agmine

103 808 227 870 magno
257 785 400 850 clamore
424 783 641 870 discursuque
670 783 795 870 passim
818 784 916 867 fugae
941 807 975 849 se
998 807 1089 850 man·

105 890 198 955 dant.
244 889 289 953 At
311 891 415 953 nostri
439 889 579 973 equites,
612 889 667 972 qui
690 888 789 974 paulo
814 897 890 952 ante
913 911 988 953 cum
1010 891 1110 953 resi-s

104 991 266 1059 stantibus
296 993 474 1057 fortissime
506 991 737 1074 conflixerant,
771 991 898 1057 laetitia
930 994 1088 1057 victoriae

105 1097 185 1163 elati
220 1117 339 1179 magno
373 1095 518 1181 undique
552 1095 696 1160 clamore
732 1095 860 1161 sublato
896 1097 1088 1163 cedentibus

104 1200 307 1277 circumfusi,
319 1208 476 1285 quantum
493 1220 649 1284 equorum
665 1200 751 1264 vires
769 1199 811 1263 ad
827 1201 1088 1287 persequendum

106 1305 307 1390 dextraeque
331 1302 374 1366 ad
390 1301 595 1367 caedendum
610 1303 730 1383 valent,
754 1313 881 1368 tantum
904 1327 942 1368 eo
963 1306 1087 1390 proelio

105 1407 316 1474 interficiunt.
361 1406 476 1491 Itaque
508 1405 647 1492 amplius
670 1405 801 1471 milibus
830 1405 1003 1472 duodecim
1032 1419 1111 1474 autc

105 1520 309 1576 armatorum
336 1520 394 1574 aut
417 1532 545 1592 eornm,
582 1511 636 1594 qui
659 1531 698 1573 eo
721 1510 840 1574 timore
863 1533 955 1575 arma
984 1514 1087 1597 proie-

105 1624 238 1697 cerant,
267 1615 446 1679 interfectis
471 1613 574 1679 omnis
597 1612 772 1678 multitudo
797 1615 925 1698 capitur
955 1615 1090 1700 impedi·

105 1727 301 1784 mentorum.

192 1819 243 1884 30.
278 1820 353 1901 Qua
387 1844 430 1885 ex
464 1822 542 1905 fuga
576 1843 650 1887 cum
684 1830 851 1886 constaret
885 1821 1089 1907 Drappetem

108 1925 282 2007 Senonem,
299 1927 363 2009 qui,
387 1934 424 1990 ut
446 1927 586 2010 primum
610 1924 777 1990 defecerat
793 1923 915 2007 Gallia,
939 1924 1087 1990 collectis

106 2028 250 2114 undique
284 2028 420 2112 perditis
452 2027 655 2111 hominibus,
691 2030 792 2092 servis
827 2028 870 2092 ad
903 2028 1087 2094 libertatem

105 2134 245 2209 vocatis,
269 2130 421 2197 exulibus
447 2132 590 2197 omnium
619 2134 788 2197 civitatum
818 2133 941 2216 ascitis,
975 2156 1087 2219 repen·

105 2237 183 2301 tinis
206 2235 385 2300 latrociniis
414 2234 646 2319 impedimenta
676 2245 708 2299 et
739 2245 940 2300 commeatus
971 2238 1087 2302 Roma-

107 2361 224 2404 norum
248 2341 482 2424 interceperat,
510 2362 577 2404 non
600 2339 741 2425 amplius
764 2337 933 2404 hominum
955 2341 1087 2406 milibus

107 2466 149 2508 ex
171 2442 254 2527 fuga
270 2444 412 2528 quinque
435 2441 583 2508 collectis
606 2443 810 2527 provinciam
825 2451 936 2527 petere
959 2466 1088 2530 unaque

89 2585 92 2594 ι
106 2546 280 2611 consilium
293 2568 367 2611 cum
382 2569 420 2610 eo
434 2546 623 2611 Lucterium
636 2544 822 2611 Cadurcum
842 2547 979 2633 cepisse,
993 2569 1089 2633 quem

106 2651 275 2735 superiore
298 2651 533 2715 commentario
557 2651 664 2735 prima
688 2649 871 2714 defectione
889 2649 1019 2716 Galliae
1042 2653 1088 2716 fa-

105 2775 180 2818 cere
202 2755 237 2817 in
259 2754 463 2839 provinciam
487 2753 632 2818 voluisse
656 2755 814 2837 impetum
838 2756 1006 2837 cognitum
1030 2765 1089 2834 est,

105 2856 265 2922 Caninius
299 2857 428 2941 legatus
463 2878 538 2920 cum
571 2854 757 2940 legionibus
793 2855 920 2921 duabus
955 2858 998 2922 ad
1032 2880 1111 2923 eoss

105 2959 350 3047 persequendos
379 2957 561 3040 contendit,
596 2981 637 3023 ne
662 2957 856 3026 detrimento
888 2969 944 3024 aut
972 2963 1090 3026 timore

105 3065 295 3149 provinciae
318 3086 438 3148 magna
460 3063 598 3128 infamia
620 3063 822 3148 perditorum
853 3064 1020 3129 hominum
1042 3063 1088 3129 la·

105 3169 253 3235 trociniis
277 3177 459 3251 caperetur.
876 3153 879 3156 ⁴

192 3270 243 3336 31.
268 3271 374 3337 Gaius
397 3270 521 3337 Fabius
546 3294 619 3337 oum
643 3272 768 3357 reliquo
793 3274 939 3337 exercitu
961 3272 995 3335 in
1011 3271 1089 3338 Car·

106 3384 203 3440 nutes
227 3382 418 3459 ceterasque
447 3375 666 3459 proficiscitur
689 3376 854 3458 civitates,
890 3397 1026 3461 quarum
1049 3398 1088 3441 eo

104 3478 251 3564 proelio,
287 3477 470 3563 quodcum
500 3477 673 3541 Dumnaco
698 3479 838 3561 fecerat,
872 3480 986 3563 copias
1016 3501 1089 3543 esse

105 3581 237 3646 accisas
261 3579 395 3645 sciebat.
441 3582 515 3646 Non
538 3582 624 3646 enim
648 3579 831 3663 dubitabat,
864 3583 942 3666 quin
963 3583 1109 3647 recentia
