2430 4028
124 262 187 328 ‘204
433 265 482 312 nu
502 262 621 312 intono
641 262 799 312 omnmo

123 464 213 518 tanto
239 477 337 540 opere
362 453 528 517 licentiam
545 455 832 537 arrogantiamque
855 450 1105 537 reprehendere,

123 556 212 642 quod
235 557 307 643 plus
328 580 373 639 ,se
397 579 495 641 quam
519 558 750 640 imperatorem
772 555 813 619 de
841 556 981 620 victoria
1010 563 1105 638 atque

101 663 212 728 rexitu
235 682 342 725 rerum
372 662 493 725 sentire
516 660 758 740 existimarent,
786 678 849 723 nec
872 658 979 722 minus
1005 679 1043 721 se
1064 655 1104 720 ab

123 761 223 827 milite
256 763 450 827 modestiam
486 772 519 826 et
552 764 785 827 continentiam
819 782 918 845 quam
952 760 1105 825 virtutem

124 877 221 952 atque
245 867 345 930 animi
368 866 629 949 magnitudinem
652 865 853 931 desiderare.

209 969 261 1034 53.
284 970 358 1034 Hac
381 971 496 1035 habita
519 972 672 1035 contione
701 979 733 1033 et
756 969 800 1034 ad
830 977 1016 1033 extremam
1040 989 1107 1031 ora-

124 1077 244 1138 tionem
279 1074 479 1139 confirmatis
515 1073 687 1156 militibus,
722 1095 764 1138 ne
789 1071 830 1138 ob
859 1072 949 1136 hanc
971 1091 1105 1136 cansam

123 1179 231 1242 animo
256 1188 523 1261 permoverentur
544 1201 618 1259 nou,
648 1176 736 1262 quod
759 1178 915 1262 iniquitas
937 1174 1004 1239 loci
1028 1184 1108 1239 attu-

123 1280 225 1362 lisset,
256 1282 289 1344 id
311 1282 423 1345 virtuti
446 1281 586 1345 hostium
610 1278 802 1361 tribuerent,
826 1278 943 1344 eadem
967 1277 1010 1342 dc
1027 1300 1106 1363 pro·

122 1385 265 1448 sectione
288 1386 456 1469 cogitans,
486 1408 570 1470 quae
603 1395 679 1449 ante
709 1393 866 1466 senserat,
895 1383 1045 1467 legiones
1066 1405 1106 1445 ex

101 1489 240 1556 scastris
264 1488 380 1552 eduxit
403 1492 573 1575 aciemque
595 1488 714 1553 idoneo
730 1488 803 1553 loco
820 1487 1003 1552 constituit.
1027 1486 1106 1553 Cum

125 1591 376 1676 Vercingetorix
392 1593 493 1657 nihilo
510 1595 615 1676 magis
638 1595 670 1657 in
694 1613 835 1677 aequum
850 1590 960 1656 locum
975 1590 1106 1655 descen·

126 1695 227 1778 deret,
252 1696 316 1760 levi
356 1698 446 1760 facto
471 1698 612 1781 equestri
636 1695 760 1780 proelio
785 1704 884 1780 atque
905 1693 1055 1760 secundo
1077 1695 1108 1757 in

102 1810 235 1865 acastre
258 1804 440 1866 exercitum
474 1801 616 1866 reduxit.
655 1799 737 1865 Cum
767 1799 830 1864 hoc
860 1798 948 1863 idem
975 1807 1108 1883 postero

125 1904 177 1967 die
210 1905 354 1978 fecisset,
390 1908 469 1970 satis
501 1904 544 1969 ad
575 1903 739 1968 Gallicam
762 1902 1020 1968 ostentationem
1054 1901 1109 1965 mi·

123 2007 287 2071 nuendam
322 2006 525 2092 militumque
559 2009 685 2072 animos
716 2002 962 2071 confirmandos
983 2004 1107 2069 factum

102 2111 316 2175 rexistimans
339 2113 372 2174 in
389 2110 524 2175 Aeduos
548 2113 650 2175 movit
673 2119 793 2174 castra.
817 2109 865 2173 No
888 2118 959 2171 tum
977 2107 1108 2192 quidem

123 2215 280 2278 insecutis
303 2214 452 2278 hostibus
468 2216 564 2278 tertio
589 2214 641 2278 die
657 2213 700 2277 ad
715 2213 836 2277 flumen
852 2210 976 2275 Elaver
991 2219 1109 2294 pontes

123 2317 228 2381 reficit
250 2338 353 2402 eoque
378 2318 558 2381 exercitum
582 2315 734 2381 traducit.

209 2418 261 2482 54.
285 2419 336 2484 lbi
360 2444 381 2484 a
393 2419 601 2485 Viridomaro
625 2429 723 2504 atque
738 2416 968 2503 Eporedorige
984 2415 1111 2481 Aeduis

125 2523 310 2608 appellatus
335 2524 435 2588 discit
457 2546 532 2588 cum
556 2525 644 2588 omni
667 2523 816 2608 equitatu
835 2521 1046 2585 Litaviccum
1069 2521 1111 2584 ad

125 2626 350 2691 sollicitandos
385 2626 518 2691 Aeduos
554 2626 757 2712 profectum3
794 2647 877 2709 opus
915 2646 990 2689 esse
1020 2626 1112 2709 ipsos

103 2730 319 2795 eanteoedere
346 2731 388 2794 ad
412 2730 672 2795 confirmandam
696 2731 873 2793 civitatem.
903 2727 978 2791 Etsi
1000 2729 1112 2793 multis

125 2836 190 2897 iam
214 2835 311 2898 rebus
336 2834 507 2917 perfidiam
524 2834 713 2898 Aeduorum
738 2841 947 2917 perspectam
965 2831 1113 2897 habebat

125 2946 223 3022 atque
246 2936 362 3001 horum
382 2937 531 3002 discessu
560 2937 762 3001 admaturari
786 2935 1006 3001 deiectionem
1035 2936 1110 2999 civi-

127 3043 203 3103 tatis
228 3040 464 3122 existimahat,
491 3050 601 3106 tamen
635 3062 692 3104 eos
726 3037 915 3103 retinendos
943 3059 1013 3102 non
1037 3061 1111 3104 ccu-

126 3145 245 3224 stituit,
280 3166 320 3208 ne
350 3154 406 3208 aut
429 3145 546 3208 inferre
576 3145 728 3208 iniuriam
757 3141 923 3206 videretur
951 3150 1011 3207 aut
1033 3141 1111 3206 dare

104 3247 251 3310 stimeris
275 3246 419 3331 aliquam
436 3248 668 3330 suspicionem.
693 3243 948 3310 Discedentibus
964 3244 1018 3311 his
1041 3245 1110 3310 hre-

104 3353 210 3414 rviter
234 3372 293 3413 sua
316 3352 348 3413 in
367 3350 502 3414 Aeduos
526 3350 643 3414 merita
666 3349 830 3433 exposuit,
847 3368 930 3432 quos
954 3358 988 3413 et
1010 3370 1109 3434 quam

127 3452 265 3517 humiles
289 3455 488 3537 accepisset,
519 3453 707 3538 compulsos
730 3454 764 3516 in
788 3450 922 3538 oppida,
951 3449 1110 3517 multatos

127 3559 225 3638 agris,
262 3555 412 3620 omnibus
437 3557 557 3640 ereptis
592 3556 706 3640 copiis,
743 3556 895 3640 imposito
931 3553 1108 3640 stipendio,
