2430 4028
129 254 190 319 156
434 260 484 309 nr:
502 260 623 310 necno
643 258 803 311 osnmco

126 453 238 539 parvis
259 451 442 516 rhenonum
456 451 642 535 tegimentis
664 459 800 519 utuntur
813 474 936 545 magua
957 456 1109 542 corporis

126 565 219 642 parte
241 555 341 621 nuda.

211 658 265 724 22.
293 657 523 744 Agriculturae
556 681 622 724 non
654 659 803 743 student,
837 662 1009 749 maiorque
1030 684 1110 750 pars

103 785 239 829 aeorum
260 764 368 827 victus
390 763 424 827 in
446 762 543 844 lacte,
561 784 671 845 caseo,
694 785 795 828 carne
810 766 972 831 consistit.
994 766 1110 852 Neque

126 869 299 953 quisquam
321 867 392 950 agri
414 866 548 932 modum
570 876 694 932 certum
716 877 775 933 aut
796 866 880 933 fines
902 867 1014 949 ,babet
1034 892 1110 958 pro

125 974 232 1056 prius,
262 970 319 1035 sed
342 972 554 1054 magistratus
584 993 625 1036 ac
654 970 820 1056 principes
848 973 885 1037 in
905 993 1015 1039 annos
1045 977 1109 1039 sin·

124 1075 220 1161 gulos
235 1074 388 1160 gentibus
411 1075 733 1161 cognationibusque
748 1075 928 1161 hominum,
942 1098 1022 1145 cum
1042 1101 1109 1145 uns

125 1181 282 1260 coierunt,
299 1190 457 1264 quantum
480 1187 513 1243 et
531 1201 595 1264 quo
619 1179 694 1245 loco
718 1181 826 1245 visum
848 1188 900 1246 est
921 1181 995 1264 agri
1018 1180 1110 1248 attri-

103 1285 230 1350 abuunt
260 1290 359 1368 atque
388 1304 474 1348 anno
502 1292 579 1368 post
601 1282 667 1348 alio
691 1285 833 1349 transire
854 1294 989 1367 cogunt·
1026 1286 1108 1353 Eius

125 1390 172 1452 rei
194 1387 314 1452 multas
329 1387 468 1452 afferunt
491 1408 628 1452 causas:
651 1409 693 1453 nc
708 1389 843 1455 assiduo
866 1391 1108 1457 consuetudine

125 1493 212 1578 capti
236 1491 379 1556 studium
401 1489 479 1555 belli
502 1491 637 1574 gerendi
662 1491 866 1574 agricultura
888 1503 1108 1575 commutent,

124 1618 166 1660 ne
187 1595 274 1660 latos
295 1595 378 1659 fines
408 1616 525 1679 parare
554 1593 719 1676 studeant,
752 1597 1024 1683 potentioresque
1051 1598 1107 1663 hu·

124 1697 267 1765 miliores
289 1697 554 1782 possessionibus
578 1696 765 1781 expellant;
788 1720 831 1764 ne
851 1702 1043 1766 accuratius
1065 1700 1108 1767 sd

123 1803 248 1886 frigora
281 1811 380 1887 atque
409 1811 522 1866 aestus
555 1801 709 1866 vitandos
746 1802 940 1887 aedificent3
971 1826 1016 1869 ne
1044 1826 1108 1890 que

125 1908 249 1970 oriatur
282 1907 442 1990 pecuniae
476 1904 656 1989 cupiditas,
698 1926 764 1990 qua
798 1927 841 1969 ex
876 1927 912 1970 re
944 1905 1107 1973 factiones

125 2011 410 2093 dissensionesque
433 2017 629 2090 nascuntur3
657 2017 693 2072 ut
720 2008 822 2074 animi
844 2010 1018 2096 aequitate
1040 2010 1108 2097 ple·

124 2113 200 2179 bem
222 2115 422 2195 contineant,
446 2134 521 2177 cum
545 2133 622 2176 suas
639 2114 776 2197 quisque
799 2133 880 2197 opes
902 2134 981 2179 cum
995 2123 1107 2200 poten·

124 2219 259 2282 tissimis
281 2218 417 2301 aequari
439 2216 561 2281 videat.

209 2320 260 2384 23.
284 2319 479 2386 Civitatibus
495 2320 640 2384 maxima
662 2318 734 2383 laus
757 2327 807 2384 est
822 2338 921 2405 quam
941 2318 1104 2388 latissime

101 2427 248 2489 acimum
271 2447 305 2490 se
327 2425 471 2490 vastatis=
494 2423 614 2489 finibus
645 2422 839 2490 solitudines
861 2423 995 2489 habere.
1034 2425 1106 2489 Hoc

124 2530 291 2614 proprium
308 2530 436 2593 virtutis
452 2529 651 2608 existimant,
668 2525 827 2611 expulsos
844 2527 933 2610 agris
947 2526 1106 2593 finitimos

124 2633 258 2717 cedere,
288 2655 394 2719 neque
417 2653 614 2717 quemquam
636 2651 740 2716 prope
768 2629 889 2694 audere
910 2629 1108 2712 consistere,

101 2734 220 2801 ³simul
253 2735 315 2801 hoc
350 2758 385 2800 se
412 2735 483 2801 fore
511 2736 651 2799 tutiores
681 2732 882 2798 arbitrantur
904 2735 1108 2818 repentinae

101 2841 320 2905 ⁴incursionis
342 2841 460 2905 timore
483 2837 625 2904 sublato.
656 2833 739 2901 Cum
762 2834 885 2901 bellum
908 2836 1032 2903 civitas
1053 2829 1108 2903 aut

123 2942 250 3008 illatum
269 2942 417 3009 defendit
432 2951 489 3007 aut
512 2942 620 3023 infert,
640 2942 865 3023 magistratus,
888 2941 944 3024 qui
967 2941 999 3005 ei
1021 2939 1107 3007 bello

124 3049 280 3132 praesint,
303 3057 339 3112 ut
360 3047 449 3112 vitae
471 3047 626 3130 necisque
642 3042 787 3109 habeant
802 3050 1014 3128 potestatem,
1029 3043 1108 3109 deli·

101 3161 253 3236 ⁵guntur.
298 3151 337 3215 In
359 3172 443 3236 pace
467 3147 578 3214 nullus
600 3157 652 3212 est
675 3149 859 3212 communis
881 3148 1106 3232 magistratus,

124 3255 182 3320 sed
204 3256 369 3341 principes
398 3255 569 3338 regionum
598 3260 696 3336 atque
724 3272 886 3336 pagorum
913 3251 1004 3315 inter
1032 3271 1107 3316 suos

100 3364 173 3426 6ius
204 3359 315 3424 dicunt
351 3357 659 3442 controversiasque
695 3357 856 3419 minuunt.
912 3352 1106 3419 Latrocinia

123 3464 245 3529 nullam
264 3461 387 3527 habent
408 3459 589 3542 infamiam,
614 3480 698 3544 quae
721 3467 815 3524 extra
837 3456 920 3522 fines
942 3457 1103 3543 cuiusque

122 3568 267 3632 civitatis
294 3566 392 3647 tiunt,
426 3572 525 3648 atque
558 3584 597 3626 ea
627 3561 804 3626 iuventutis
827 3558 1034 3625 exercendae
1063 3580 1101 3623 ac
