2430 4028
392 246 503 296 niente
520 245 580 308 vu,
601 245 678 296 cnr.
699 245 809 294 ss-so.
1031 244 1092 306 207

103 435 278 500 scientiam
311 436 358 499 rei
393 435 545 501 militaris
581 435 624 499 ad
655 456 729 499 eum
760 444 809 499 est
838 433 995 499 honorem
1019 457 1095 498 evo-

104 548 208 602 catus.
245 538 278 603 Is
307 561 382 604 cum
405 539 694 605 animadvertisset
725 548 918 623 perpetuam
941 560 1012 602 esse
1036 561 1116 624 par

104 641 234 724 ludem‚
273 663 358 727 quae
392 642 544 706 influeret
579 645 611 706 in
646 643 833 727 Sequanam
868 651 965 726 atque
1003 641 1094 705 illum

106 767 237 809 omnem
270 744 378 810 locum
412 768 612 830 magnopere
636 746 825 830 impediret,
860 744 912 807 hic
944 744 1093 809 consedit

104 857 302 933 nostrosque
325 850 466 912 transitu
489 848 661 934 prohibere
686 851 834 911 instituit.

196 950 247 1016 58.
265 951 433 1016 Labienus
451 952 555 1036 primo
573 953 685 1015 vineas
703 973 810 1034 agere,
835 950 980 1015 cratibus
997 959 1094 1035 atque

105 1076 230 1140 aggere
246 1054 400 1140 paludem
417 1055 548 1140 explere
565 1065 663 1140 atque
679 1057 741 1118 iter
756 1058 882 1120 munire
902 1056 1093 1119 conabatur.

101 1158 285 1243 Postquam
308 1159 342 1223 id
358 1159 522 1224 difficilius
538 1159 672 1223 confieri
692 1158 936 1233 animadvertit,
956 1158 1086 1223 silentio
1105 1185 1117 1222 a

102 1283 120 1325 e
144 1263 265 1326 castris
288 1264 386 1326 tertia
402 1262 516 1347 vigilia
540 1284 690 1345 egressus
715 1261 842 1344 eodem,
864 1284 927 1346 quo
945 1272 1094 1347 venerat,

101 1367 222 1430 itinere
251 1365 470 1430 Metiosedum
495 1368 653 1450 pervenit.
704 1364 744 1429 ld
774 1374 823 1428 est
853 1366 1007 1450 oppidum
1040 1366 1117 1430 Ser

103 1491 229 1533 nouum
258 1468 421 1532 ininsula
450 1469 623 1555 Sequanae
647 1471 801 1553 positum,
832 1478 866 1533 ut
897 1469 994 1551 paulo
1018 1478 1094 1534 ante

105 1573 147 1637 de
165 1572 299 1636 Lutetia
324 1572 477 1638 diximus.
502 1574 684 1658 Deprensis
701 1572 841 1637 navibus
858 1575 987 1637 circiter
1004 1575 1116 1658 quin-r

105 1677 268 1761 quaginta
290 1676 504 1761 celeriterque
534 1678 718 1741 coniunctis
742 1685 840 1762 atque
869 1700 907 1741 eo
938 1676 1094 1740 militibus

104 1780 236 1844 iniectis
260 1788 292 1843 et
314 1783 362 1844 rei
385 1782 532 1845 novitate
550 1784 730 1866 perterritis
755 1780 938 1866 oppidanis,
956 1802 1093 1866 quorum

104 1881 230 1966 magna
258 1905 334 1968 pars
366 1893 436 1948 erat
464 1885 508 1948 ad
531 1884 651 1948 bellum
676 1894 831 1966 evocata,
868 1886 936 1948 siue
960 1892 1092 1947 eonten-

104 1989 196 2052 tione
221 1987 342 2072 oppido
366 1990 498 2073 potitur.
534 1989 668 2053 Refecto
694 1999 803 2073 ponte,
828 2011 923 2073 quem
948 1989 1116 2071 superio-s

104 2091 198 2156 ribus
224 2090 338 2155 diebus
361 2090 471 2155 hostes
495 2092 706 2171 resciderunt,
744 2093 924 2156 exercitum
948 2090 1092 2155 traducit

105 2205 138 2258 et
164 2192 308 2258 seeundo
332 2193 464 2258 flumine
495 2194 537 2257 ad
560 2196 726 2259 Lutetiam
754 2197 816 2259 iter
842 2196 951 2259 facere
975 2196 1092 2279 coepit.

107 2296 235 2362 Hostes
263 2320 298 2361 re
323 2299 457 2379 cognita
486 2296 529 2360 ab
553 2300 609 2379 iis,
641 2300 694 2383 qui
718 2298 901 2362 Metiosedo
933 2298 1117 2382 sugerente

105 2400 278 2466 Lutetiam
312 2401 442 2465 incendi
486 2412 666 2487 pontesque
701 2405 769 2466 eius
805 2402 916 2486 oppidi
951 2403 1093 2467 rescindi

107 2503 241 2586 iubent3
267 2504 330 2588 ipsi
353 2509 540 2590 praesaepti
564 2505 684 2590 palude
704 2506 748 2570 ad
770 2508 858 2589 ripas
883 2505 1054 2590 Sequanae
1078 2530 1095 2570 e

105 2608 244 2693 regione
268 2608 421 2673 Lutetiae
450 2621 566 2675 eontra
595 2608 733 2674 Labieni
763 2621 873 2675 castra
908 2611 1092 2675 considunt.

193 2708 245 2774 59.
269 2711 339 2777 lam
363 2710 530 2777 Caesare
555 2713 722 2794 Gergovia
751 2714 942 2778 discessisse
978 2714 1092 2778 audie·

105 2815 218 2892 batur,
252 2816 318 2879 iam
354 2814 394 2878 de
431 2815 621 2880 Aeduorum
656 2817 840 2881 defectione
879 2826 912 2880 et
947 2818 1091 2882 secundo

107 2917 242 2986 Galliae
275 2927 367 2982 motu
403 2941 549 2984 rumores
588 2919 829 2997 afferebantur,
870 2919 1022 3006 Gallique
1060 2924 1093 2985 in

106 3022 283 3108 colloquiis
317 3021 528 3086 interclusum
563 3023 678 3087 itinere
713 3033 743 3085 et
774 3024 883 3106 Ligeri
917 3021 1093 3088 Caesarem

105 3127 222 3213 inopia
243 3125 398 3191 frumenti
419 3135 571 3190 coactum
595 3128 626 3188 in
650 3128 853 3210 provinciam
885 3126 1094 3190 contendisse

107 3229 360 3295 confirmabant.
383 3228 555 3294 Bellovaci
576 3239 685 3293 autem
702 3229 886 3294 defectione
902 3228 1115 3300 Aeduorum2

107 3335 253 3418 cognita,
278 3335 333 3418 qui
357 3342 432 3398 ante
456 3343 549 3397 erant
572 3356 630 3418 per
661 3357 695 3396 se
719 3332 875 3416 infideles,
899 3355 1015 3398 manus
1039 3357 1092 3398 co-

108 3460 187 3523 gere
210 3447 310 3523 atque
344 3446 456 3523 aperte
490 3437 610 3515 bellum
645 3459 761 3522 parare
785 3446 973 3522 coeperunt.
1008 3438 1114 3508 Tums

108 3539 279 3608 Labienus
314 3548 406 3605 tanta
440 3563 546 3605 rerum
582 3543 837 3605 commutatione
873 3540 968 3625 louge
1002 3541 1092 3606 aliud
