2430 4028
129 261 185 324 22*
437 261 487 309 DE
506 260 626 310 BELLO
646 260 804 310 GALLICO

108 449 213 517 scum
226 453 276 517 his
285 452 419 518 Aeduos
433 475 609 539 eorumque
622 452 757 519 clientes
771 453 870 518 semel
881 464 981 539 atque
992 455 1112 518 iterum

131 557 231 620 armis
254 556 479 639 contendisse3
505 578 658 640 magnam
683 555 904 621 calamitatem
922 557 1036 641 pulsos
1055 579 1113 621 ac·

131 661 268 744 cepisse,
289 683 418 724 omnem
433 659 647 737 nobilitatem,
662 681 790 724 omnem
803 669 961 740 senatum,
981 683 1115 725 omnem

110 764 311 849 aequitatum
340 765 500 828 amisisse.
535 762 663 844 Quibus
694 762 827 848 proeliis
857 763 1116 830 calamitatibus·

131 891 193 952 que
216 868 354 950 fractos,
389 870 444 953 qui
478 877 511 932 et
539 890 598 932 sua
627 869 745 931 virtute
779 879 812 932 et
833 869 946 954 populi
970 870 1114 934 Romani

130 971 272 1056 hospitio
296 982 394 1057 atque
417 973 562 1036 amicitia
579 971 752 1055 plurimum
777 982 852 1036 ante
867 973 900 1036 in
918 972 1031 1038 Gallia
1053 996 1116 1058 po-

129 1077 277 1149 tuissent,
302 1085 437 1140 coactos
464 1099 537 1140 esse
560 1075 721 1161 Sequanis
753 1074 886 1140 obsides
917 1076 994 1141 dare
1017 1076 1116 1141 nobi·

130 1178 273 1243 lissimos
286 1180 428 1242 civitatis
441 1189 474 1242 et
488 1179 697 1243 iureiurando
715 1180 882 1243 civitatem
896 1179 1115 1263 obstringere,

133 1304 204 1346 sese
233 1303 338 1367 neque
367 1280 500 1345 obsides
533 1283 729 1367 repetituros
763 1304 868 1366 neque
902 1281 1062 1346 auxilium
1095 1306 1117 1348 a

132 1384 255 1470 populo
273 1384 422 1449 Romano
439 1383 671 1469 imploraturos
692 1406 796 1468 neque
812 1394 1030 1460 recusaturos,
1048 1406 1115 1469 quo

132 1488 237 1551 minus
260 1497 417 1573 perpetuo
448 1486 507 1551 sub
531 1487 662 1552 illorum
689 1487 819 1552 dicione
849 1499 949 1574 atque
976 1490 1116 1572 imperio

110 1600 252 1656 cessent.
290 1590 400 1655 Unum
423 1613 457 1655 se
480 1613 553 1655 esse
576 1613 618 1654 ex
646 1591 734 1656 omni
757 1592 888 1656 civitate
911 1591 1118 1673 Aeduorum,

134 1696 188 1778 qui
211 1693 332 1757 adduci
355 1715 421 1758 non
436 1696 590 1778 potuerit,
606 1703 643 1758 ut
664 1696 786 1760 iuraret
810 1705 866 1759 aut
887 1695 1012 1760 liberos
1036 1717 1118 1760 suos

111 1799 267 1863 oobsides
292 1798 394 1862 daret.
440 1797 493 1864 Ob
522 1821 595 1864 eam
625 1822 693 1863 rem
722 1822 756 1863 se
785 1823 828 1864 ex
851 1801 982 1864 civitate
1005 1801 1118 1884 profu·

135 1905 223 1987 gisse
246 1911 279 1967 et
299 1903 439 1968 Romam
466 1903 684 1980 adsenatum
712 1904 851 1968 venisse*
872 1901 1030 1979 auxilium
1058 1925 1120 1988 po·

139 2006 306 2089 stulatum,
330 2007 419 2092 quod
442 2006 532 2071 solus
555 2029 659 2092 neque
687 2006 896 2072 iureiurando
926 2029 1030 2091 neque
1051 2006 1121 2071 'ob-

100 2129 125 2168 10
137 2109 263 2174 sidibus
291 2120 464 2176 teneretur.
515 2111 581 2176 Sed
615 2112 708 2196 peius
736 2109 916 2175 victoribus
951 2110 1118 2194 Sequanis

135 2237 234 2301 quam
259 2214 383 2280 Aeduis
406 2215 503 2278 victis
526 2213 895 2300 accidisse„propterea
919 2212 1120 2298 quod‘Ario·

134 2321 254 2398 vistus,
282 2341 342 2382 rex
374 2318 628 2399 Germanorum,
657 2317 692 2381 in
715 2338 826 2381 eorum
859 2315 977 2381 finibus
1001 2338 1120 2382 conse·

136 2422 239 2486 disset
272 2423 466 2505 tertiamque
484 2430 624 2505 ‚partem
653 2420 724 2504 agri
753 2419 913 2505 Sequani,
949 2420 1122 2504 quiesset

136 2527 278 2609 optimus
312 2526 412 2588 totius
443 2522 589 2603 Galliae,
625 2525 854 2608 occupavisset
887 2532 920 2587 et
953 2544 1042 2587 nunc
1077 2523 1136 2588 der

132 2627 239 2701 altera
262 2636 355 2712 parte
379 2628 475 2692 tertia
499 2626 669 2712 Sequanos
694 2624 853 2691 decedere
879 2625 1017 2705 iuberet,
1046 2649 1122 2710 pro·

135 2741 247 2816 pterea
269 2731 358 2816 quod
386 2731 512 2816 paucis.
530 2729 697 2795 mensibus
725 2737 801 2794 ante
829 2729 1012 2794 Harudum
1029 2729 1121 2793 milia

134 2835 301 2899 hominum
324 2853 427 2898 xxnn
450 2835 494 2899 ad
517 2858 590 2899 eum
614 2835 790 2914 venissent,
822 2833 939 2919 quibus
962 2832 1055 2897 locus
1078 2856 1120 2898 ac

102 2937 231 3003 11sedes
254 2947 457 3023 pararentur.
496 2938 663 3002 *Futurum
692 2959 764 3001 esse
788 2937 902 3022 paucis
925 2938 1037 3012 annis,
1071 2939 1140 3001 uti·

137 3063 250 3105 omnes
273 3065 315 3106 ex
339 3040 470 3106 Galliae
492 3040 612 3106 finibus
635 3040 849 3126 pellerentur,
864 3097 866 3101 ,
883 3048 981 3125 atque
1006 3061 1121 3106 omnes

138 3143 296 3209 Germani
317 3145 468 3209 Rhenum
491 3146 682 3209 transirent:
716 3166 822 3229 neque
845 3145 931 3208 enim
954 3143 1123 3208 conferen-

137 3248 215 3313 dum
239 3247 500 3328 esseyGallicum
523 3272 597 3314 cum
622 3247 861 3313 Germanorum
885 3269 981 3331 agro,
1001 3269 1122 3333 'neque

138 3351 223 3415 hanc
246 3351 515 3417 cousuetudinem
538 3354 645 3416 victus
668 3371 743 3414 cum
771 3349 828 3414 illa
850 3350 1141 3434 comparandam.-

105 3474 131 3512 12
140 3455 344 3520 Ariovistum
360 3465 478 3537 autem,
502 3464 538 3518 ut
554 3453 653 3519 semel
671 3453 843 3519 Gallorum
865 3455 979 3536 copias
989 3455 1123 3538 proelio

141 3559 263 3641 vicerit,
293 3559 381 3644 quod
408 3556 566 3643 proelium
594 3558 718 3622 factum
745 3558 787 3621 sit
808 3554 1123 3642 Admagctobrigae,
