<?xml version="1.0" encoding="UTF-8"?>
<!DOCTYPE html PUBLIC "-//W3C//DTD XHTML 1.0 Transitional//EN"
    "http://www.w3.org/TR/xhtml1/DTD/xhtml1-transitional.dtd">
<html xmlns="http://www.w3.org/1999/xhtml" xml:lang="en" lang="en">
 <head>
  <title>
</title>
<meta http-equiv="Content-Type" content="text/html;charset=utf-8" />
  <meta name='ocr-system' content='tesseract 3.04.00' />
  <meta name='ocr-capabilities' content='ocr_page ocr_carea ocr_par ocr_line ocrx_word'/>
</head>
<body>
  <div class='ocr_page' id='page_1' title='image "./ciuliicaesarisc01hoffgoog_0066.png"; bbox 0 0 2430 4028; ppageno 0'>
   <div class='ocr_carea' id='block_1_1' title="bbox 403 276 1083 343">
    <p class='ocr_par' dir='ltr' id='par_1_1' title="bbox 403 276 1083 343">
     <span class='ocr_line' id='line_1_1' title="bbox 403 276 1083 343; baseline -0.004 -13"><span class='ocrx_word' id='word_1_1' title='bbox 403 278 513 331; x_wconf 80' lang='lat' dir='ltr'>ursus</span> <span class='ocrx_word' id='word_1_2' title='bbox 533 279 567 343; x_wconf 87' lang='lat' dir='ltr'>u,</span> <span class='ocrx_word' id='word_1_3' title='bbox 587 277 664 328; x_wconf 80' lang='lat' dir='ltr'>css.</span> <span class='ocrx_word' id='word_1_4' title='bbox 682 278 793 330; x_wconf 74' lang='lat' dir='ltr'>at-ar.</span> <span class='ocrx_word' id='word_1_5' title='bbox 1043 276 1083 341; x_wconf 77' lang='lat'>57</span> 
     </span>
    </p>
   </div>
   <div class='ocr_carea' id='block_1_2' title="bbox 102 466 1117 3650">
    <p class='ocr_par' dir='ltr' id='par_1_2' title="bbox 102 466 1085 555">
     <span class='ocr_line' id='line_1_2' title="bbox 102 466 1085 555; baseline -0.003 -18"><span class='ocrx_word' id='word_1_6' title='bbox 102 471 240 538; x_wconf 90' lang='lat' dir='ltr'>militum</span> <span class='ocrx_word' id='word_1_7' title='bbox 265 471 407 551; x_wconf 92' lang='lat' dir='ltr'>monuit,</span> <span class='ocrx_word' id='word_1_8' title='bbox 435 476 473 534; x_wconf 91' lang='lat' dir='ltr'>nt</span> <span class='ocrx_word' id='word_1_9' title='bbox 494 466 654 555; x_wconf 88' lang='lat' dir='ltr'>paulatim</span> <span class='ocrx_word' id='word_1_10' title='bbox 679 489 750 533; x_wconf 90' lang='lat' dir='ltr'>sese</span> <span class='ocrx_word' id='word_1_11' title='bbox 779 467 927 553; x_wconf 79' lang='lat' dir='ltr'>legiones</span> <span class='ocrx_word' id='word_1_12' title='bbox 951 469 1085 534; x_wconf 86' lang='lat' dir='ltr'>coniun-</span> 
     </span>
    </p>

    <p class='ocr_par' dir='ltr' id='par_1_3' title="bbox 104 569 1108 759">
     <span class='ocr_line' id='line_1_3' title="bbox 104 569 1108 660; baseline -0.002 -20"><span class='ocrx_word' id='word_1_13' title='bbox 104 583 219 660; x_wconf 82' lang='lat' dir='ltr'>gerent</span> <span class='ocrx_word' id='word_1_14' title='bbox 242 581 276 639; x_wconf 89' lang='lat' dir='ltr'>et</span> <span class='ocrx_word' id='word_1_15' title='bbox 297 594 459 638; x_wconf 88' lang='lat' dir='ltr'>conversa</span> <span class='ocrx_word' id='word_1_16' title='bbox 482 574 577 657; x_wconf 88' lang='lat' dir='ltr'>signa</span> <span class='ocrx_word' id='word_1_17' title='bbox 598 573 633 636; x_wconf 92' lang='lat' dir='ltr'>in</span> <span class='ocrx_word' id='word_1_18' title='bbox 659 569 771 637; x_wconf 90' lang='lat' dir='ltr'>hostes</span> <span class='ocrx_word' id='word_1_19' title='bbox 800 571 964 638; x_wconf 80' lang='lat' dir='ltr'><strong>inferrent.</strong></span> <span class='ocrx_word' id='word_1_20' title='bbox 1011 570 1108 652; x_wconf 76' lang='lat' dir='ltr'>Quor</span> 
     </span>
     <span class='ocr_line' id='line_1_4' title="bbox 105 674 1085 759; baseline -0.006 -15"><span class='ocrx_word' id='word_1_21' title='bbox 105 679 195 744; x_wconf 87' lang='lat' dir='ltr'>sacto</span> <span class='ocrx_word' id='word_1_22' title='bbox 217 699 292 742; x_wconf 92' lang='lat' dir='ltr'>cum</span> <span class='ocrx_word' id='word_1_23' title='bbox 316 675 400 743; x_wconf 91' lang='lat' dir='ltr'>alius</span> <span class='ocrx_word' id='word_1_24' title='bbox 424 675 480 742; x_wconf 92' lang='lat' dir='ltr'>alii</span> <span class='ocrx_word' id='word_1_25' title='bbox 505 674 686 741; x_wconf 86' lang='lat' dir='ltr'>subsidium</span> <span class='ocrx_word' id='word_1_26' title='bbox 710 675 824 758; x_wconf 91' lang='lat' dir='ltr'>ferret,</span> <span class='ocrx_word' id='word_1_27' title='bbox 861 696 966 759; x_wconf 89' lang='lat' dir='ltr'>neque</span> <span class='ocrx_word' id='word_1_28' title='bbox 995 677 1085 740; x_wconf 92' lang='lat' dir='ltr'>time·</span> 
     </span>
    </p>

    <p class='ocr_par' dir='ltr' id='par_1_4' title="bbox 104 778 1086 863">
     <span class='ocr_line' id='line_1_5' title="bbox 104 778 1086 863; baseline -0.005 -16"><span class='ocrx_word' id='word_1_29' title='bbox 104 787 189 863; x_wconf 92' lang='lat' dir='ltr'>rent,</span> <span class='ocrx_word' id='word_1_30' title='bbox 211 804 253 846; x_wconf 91' lang='lat' dir='ltr'>ne</span> <span class='ocrx_word' id='word_1_31' title='bbox 268 782 377 846; x_wconf 87' lang='lat' dir='ltr'>aversi</span> <span class='ocrx_word' id='word_1_32' title='bbox 397 778 440 844; x_wconf 87' lang='lat' dir='ltr'>ab</span> <span class='ocrx_word' id='word_1_33' title='bbox 462 779 558 845; x_wconf 90' lang='lat' dir='ltr'>hoste</span> <span class='ocrx_word' id='word_1_34' title='bbox 581 779 903 860; x_wconf 82' lang='lat' dir='ltr'>circumvenirentur,</span> <span class='ocrx_word' id='word_1_35' title='bbox 927 778 1086 843; x_wconf 87' lang='lat' dir='ltr'>audacius</span> 
     </span>
    </p>

    <p class='ocr_par' dir='ltr' id='par_1_5' title="bbox 104 881 1108 1072">
     <span class='ocr_line' id='line_1_6' title="bbox 104 881 1108 970; baseline -0.006 -19"><span class='ocrx_word' id='word_1_36' title='bbox 104 887 258 952; x_wconf 89' lang='lat' dir='ltr'>resistere</span> <span class='ocrx_word' id='word_1_37' title='bbox 280 906 320 950; x_wconf 89' lang='lat' dir='ltr'>ac</span> <span class='ocrx_word' id='word_1_38' title='bbox 342 883 461 950; x_wconf 90' lang='lat' dir='ltr'>fortius</span> <span class='ocrx_word' id='word_1_39' title='bbox 485 903 633 970; x_wconf 89' lang='lat' dir='ltr'>pugnare</span> <span class='ocrx_word' id='word_1_40' title='bbox 657 886 845 966; x_wconf 87' lang='lat' dir='ltr'>coeperunt.</span> <span class='ocrx_word' id='word_1_41' title='bbox 872 882 1007 947; x_wconf 86' lang='lat' dir='ltr'>Interim</span> <span class='ocrx_word' id='word_1_42' title='bbox 1028 881 1108 946; x_wconf 78' lang='lat' dir='ltr'>mie</span> 
     </span>
     <span class='ocr_line' id='line_1_7' title="bbox 104 985 1087 1072; baseline -0.003 -18"><span class='ocrx_word' id='word_1_43' title='bbox 104 989 181 1055; x_wconf 92' lang='lat' dir='ltr'>lites</span> <span class='ocrx_word' id='word_1_44' title='bbox 203 987 371 1072; x_wconf 85' lang='lat' dir='ltr'>legionum</span> <span class='ocrx_word' id='word_1_45' title='bbox 394 987 548 1066; x_wconf 86' lang='lat' dir='ltr'>duarum,</span> <span class='ocrx_word' id='word_1_46' title='bbox 579 1007 663 1071; x_wconf 89' lang='lat' dir='ltr'>quae</span> <span class='ocrx_word' id='word_1_47' title='bbox 694 985 728 1050; x_wconf 93' lang='lat' dir='ltr'>in</span> <span class='ocrx_word' id='word_1_48' title='bbox 751 985 931 1050; x_wconf 90' lang='lat' dir='ltr'>novissimo</span> <span class='ocrx_word' id='word_1_49' title='bbox 955 985 1087 1069; x_wconf 82' lang='lat' dir='ltr'>agmine</span> 
     </span>
    </p>

    <p class='ocr_par' dir='ltr' id='par_1_6' title="bbox 105 1087 1086 1178">
     <span class='ocr_line' id='line_1_8' title="bbox 105 1087 1086 1178; baseline -0.003 -20"><span class='ocrx_word' id='word_1_50' title='bbox 105 1091 273 1178; x_wconf 89' lang='lat' dir='ltr'>praesidio</span> <span class='ocrx_word' id='word_1_51' title='bbox 311 1089 550 1176; x_wconf 83' lang='lat' dir='ltr'>impedimentis</span> <span class='ocrx_word' id='word_1_52' title='bbox 588 1089 734 1170; x_wconf 85' lang='lat' dir='ltr'>fuerant,</span> <span class='ocrx_word' id='word_1_53' title='bbox 776 1087 899 1173; x_wconf 90' lang='lat' dir='ltr'>proelio</span> <span class='ocrx_word' id='word_1_54' title='bbox 937 1092 1086 1155; x_wconf 89' lang='lat' dir='ltr'>nuntiato</span> 
     </span>
    </p>

    <p class='ocr_par' dir='ltr' id='par_1_7' title="bbox 105 1192 1088 1277">
     <span class='ocr_line' id='line_1_9' title="bbox 105 1192 1088 1277; baseline -0.008 -13"><span class='ocrx_word' id='word_1_55' title='bbox 105 1220 205 1264; x_wconf 88' lang='lat' dir='ltr'>cursu</span> <span class='ocrx_word' id='word_1_56' title='bbox 228 1199 368 1263; x_wconf 87' lang='lat' dir='ltr'>incitato</span> <span class='ocrx_word' id='word_1_57' title='bbox 391 1196 425 1260; x_wconf 92' lang='lat' dir='ltr'>in</span> <span class='ocrx_word' id='word_1_58' title='bbox 441 1217 568 1261; x_wconf 88' lang='lat' dir='ltr'>summo</span> <span class='ocrx_word' id='word_1_59' title='bbox 586 1193 669 1259; x_wconf 92' lang='lat' dir='ltr'>colle</span> <span class='ocrx_word' id='word_1_60' title='bbox 684 1192 727 1257; x_wconf 86' lang='lat' dir='ltr'>ab</span> <span class='ocrx_word' id='word_1_61' title='bbox 743 1193 893 1259; x_wconf 81' lang='lat' dir='ltr'>hostibus</span> <span class='ocrx_word' id='word_1_62' title='bbox 909 1193 1088 1277; x_wconf 89' lang='lat' dir='ltr'>conspicie-</span> 
     </span>
    </p>

    <p class='ocr_par' dir='ltr' id='par_1_8' title="bbox 104 1295 1111 1488">
     <span class='ocr_line' id='line_1_10' title="bbox 104 1295 1111 1385; baseline -0.008 -18"><span class='ocrx_word' id='word_1_63' title='bbox 104 1301 246 1385; x_wconf 81' lang='lat' dir='ltr'>bantur,</span> <span class='ocrx_word' id='word_1_64' title='bbox 275 1308 308 1366; x_wconf 93' lang='lat' dir='ltr'>et</span> <span class='ocrx_word' id='word_1_65' title='bbox 330 1299 424 1364; x_wconf 84' lang='lat' dir='ltr'>Titus</span> <span class='ocrx_word' id='word_1_66' title='bbox 446 1295 616 1363; x_wconf 84' lang='lat' dir='ltr'>Labienus</span> <span class='ocrx_word' id='word_1_67' title='bbox 646 1297 764 1362; x_wconf 86' lang='lat' dir='ltr'>castris</span> <span class='ocrx_word' id='word_1_68' title='bbox 793 1296 936 1362; x_wconf 91' lang='lat' dir='ltr'>hostium</span> <span class='ocrx_word' id='word_1_69' title='bbox 965 1298 1111 1381; x_wconf 71' lang='lat' dir='ltr'>potitust</span> 
     </span>
     <span class='ocr_line' id='line_1_11' title="bbox 106 1401 1089 1488; baseline -0.005 -19"><span class='ocrx_word' id='word_1_70' title='bbox 106 1414 141 1470; x_wconf 91' lang='lat' dir='ltr'>et</span> <span class='ocrx_word' id='word_1_71' title='bbox 169 1427 211 1469; x_wconf 89' lang='lat' dir='ltr'>ex</span> <span class='ocrx_word' id='word_1_72' title='bbox 243 1403 316 1469; x_wconf 90' lang='lat' dir='ltr'>loco</span> <span class='ocrx_word' id='word_1_73' title='bbox 347 1403 530 1488; x_wconf 86' lang='lat' dir='ltr'>superiore,</span> <span class='ocrx_word' id='word_1_74' title='bbox 566 1423 650 1487; x_wconf 87' lang='lat' dir='ltr'>quae</span> <span class='ocrx_word' id='word_1_75' title='bbox 680 1423 731 1465; x_wconf 91' lang='lat' dir='ltr'>res</span> <span class='ocrx_word' id='word_1_76' title='bbox 761 1402 793 1466; x_wconf 92' lang='lat' dir='ltr'>in</span> <span class='ocrx_word' id='word_1_77' title='bbox 822 1401 943 1466; x_wconf 89' lang='lat' dir='ltr'>nostris</span> <span class='ocrx_word' id='word_1_78' title='bbox 970 1403 1089 1465; x_wconf 88' lang='lat' dir='ltr'>castris</span> 
     </span>
    </p>

    <p class='ocr_par' dir='ltr' id='par_1_9' title="bbox 106 1502 1087 1594">
     <span class='ocr_line' id='line_1_12' title="bbox 106 1502 1087 1594; baseline -0.005 -21"><span class='ocrx_word' id='word_1_79' title='bbox 106 1514 309 1594; x_wconf 86' lang='lat' dir='ltr'>gererentur,</span> <span class='ocrx_word' id='word_1_80' title='bbox 332 1506 543 1592; x_wconf 82' lang='lat' dir='ltr'>conspicatus</span> <span class='ocrx_word' id='word_1_81' title='bbox 568 1505 731 1570; x_wconf 83' lang='lat' dir='ltr'>decimam</span> <span class='ocrx_word' id='word_1_82' title='bbox 754 1503 916 1588; x_wconf 90' lang='lat' dir='ltr'>legionem</span> <span class='ocrx_word' id='word_1_83' title='bbox 941 1502 1087 1570; x_wconf 88' lang='lat' dir='ltr'>subsidio</span> 
     </span>
    </p>

    <p class='ocr_par' dir='ltr' id='par_1_10' title="bbox 106 1607 1112 1800">
     <span class='ocr_line' id='line_1_13' title="bbox 106 1607 1112 1693; baseline -0.005 -16"><span class='ocrx_word' id='word_1_84' title='bbox 106 1612 230 1678; x_wconf 89' lang='lat' dir='ltr'>nostris</span> <span class='ocrx_word' id='word_1_85' title='bbox 256 1610 354 1676; x_wconf 88' lang='lat' dir='ltr'>misit.</span> <span class='ocrx_word' id='word_1_86' title='bbox 401 1608 483 1692; x_wconf 78' lang='lat' dir='ltr'>Qui,</span> <span class='ocrx_word' id='word_1_87' title='bbox 518 1630 592 1672; x_wconf 91' lang='lat' dir='ltr'>cum</span> <span class='ocrx_word' id='word_1_88' title='bbox 624 1630 667 1673; x_wconf 86' lang='lat' dir='ltr'>ex</span> <span class='ocrx_word' id='word_1_89' title='bbox 697 1609 842 1693; x_wconf 91' lang='lat' dir='ltr'>equitum</span> <span class='ocrx_word' id='word_1_90' title='bbox 873 1617 905 1672; x_wconf 90' lang='lat' dir='ltr'>et</span> <span class='ocrx_word' id='word_1_91' title='bbox 937 1607 1112 1673; x_wconf 83' lang='lat' dir='ltr'>calonums</span> 
     </span>
     <span class='ocr_line' id='line_1_14' title="bbox 109 1711 1089 1800; baseline -0.004 -20"><span class='ocrx_word' id='word_1_92' title='bbox 109 1716 209 1800; x_wconf 87' lang='lat' dir='ltr'>fuga,</span> <span class='ocrx_word' id='word_1_93' title='bbox 241 1735 304 1800; x_wconf 91' lang='lat' dir='ltr'>quo</span> <span class='ocrx_word' id='word_1_94' title='bbox 339 1714 374 1777; x_wconf 93' lang='lat' dir='ltr'>in</span> <span class='ocrx_word' id='word_1_95' title='bbox 402 1711 475 1777; x_wconf 89' lang='lat' dir='ltr'>loco</span> <span class='ocrx_word' id='word_1_96' title='bbox 506 1733 558 1776; x_wconf 89' lang='lat' dir='ltr'>res</span> <span class='ocrx_word' id='word_1_97' title='bbox 588 1720 690 1793; x_wconf 89' lang='lat' dir='ltr'>esset,</span> <span class='ocrx_word' id='word_1_98' title='bbox 725 1720 912 1797; x_wconf 90' lang='lat' dir='ltr'>quantoque</span> <span class='ocrx_word' id='word_1_99' title='bbox 939 1711 972 1775; x_wconf 92' lang='lat' dir='ltr'>in</span> <span class='ocrx_word' id='word_1_100' title='bbox 1006 1713 1089 1797; x_wconf 92' lang='lat' dir='ltr'>peri·</span> 
     </span>
    </p>

    <p class='ocr_par' dir='ltr' id='par_1_11' title="bbox 111 1814 1088 1900">
     <span class='ocr_line' id='line_1_15' title="bbox 111 1814 1088 1900; baseline -0.003 -18"><span class='ocrx_word' id='word_1_101' title='bbox 111 1816 187 1882; x_wconf 90' lang='lat' dir='ltr'>culo</span> <span class='ocrx_word' id='word_1_102' title='bbox 212 1826 245 1882; x_wconf 93' lang='lat' dir='ltr'>et</span> <span class='ocrx_word' id='word_1_103' title='bbox 274 1824 384 1882; x_wconf 88' lang='lat' dir='ltr'>castra</span> <span class='ocrx_word' id='word_1_104' title='bbox 407 1824 441 1880; x_wconf 91' lang='lat' dir='ltr'>et</span> <span class='ocrx_word' id='word_1_105' title='bbox 470 1814 616 1900; x_wconf 88' lang='lat' dir='ltr'>legiones</span> <span class='ocrx_word' id='word_1_106' title='bbox 639 1823 671 1879; x_wconf 94' lang='lat' dir='ltr'>et</span> <span class='ocrx_word' id='word_1_107' title='bbox 693 1816 871 1899; x_wconf 87' lang='lat' dir='ltr'>imperator</span> <span class='ocrx_word' id='word_1_108' title='bbox 893 1822 1088 1896; x_wconf 90' lang='lat' dir='ltr'>versaretur,</span> 
     </span>
    </p>

    <p class='ocr_par' dir='ltr' id='par_1_12' title="bbox 107 1917 1089 2005">
     <span class='ocr_line' id='line_1_16' title="bbox 107 1917 1089 2005; baseline 0 -21"><span class='ocrx_word' id='word_1_109' title='bbox 107 1921 362 2005; x_wconf 86' lang='lat' dir='ltr'>cognovissent,</span> <span class='ocrx_word' id='word_1_110' title='bbox 397 1918 476 1984; x_wconf 92' lang='lat' dir='ltr'>nihil</span> <span class='ocrx_word' id='word_1_111' title='bbox 507 1919 550 1984; x_wconf 87' lang='lat' dir='ltr'>ad</span> <span class='ocrx_word' id='word_1_112' title='bbox 579 1918 779 1983; x_wconf 85' lang='lat' dir='ltr'>celeritatem</span> <span class='ocrx_word' id='word_1_113' title='bbox 809 1917 870 1983; x_wconf 92' lang='lat' dir='ltr'>sibi</span> <span class='ocrx_word' id='word_1_114' title='bbox 899 1917 1014 2004; x_wconf 89' lang='lat' dir='ltr'>reliqui</span> <span class='ocrx_word' id='word_1_115' title='bbox 1043 1918 1089 1984; x_wconf 87' lang='lat' dir='ltr'>fe·</span> 
     </span>
    </p>

    <p class='ocr_par' dir='ltr' id='par_1_13' title="bbox 106 2031 238 2091">
     <span class='ocr_line' id='line_1_17' title="bbox 106 2031 238 2091; baseline -0.023 0"><span class='ocrx_word' id='word_1_116' title='bbox 106 2031 238 2091; x_wconf 91' lang='lat' dir='ltr'>cerunt.</span> 
     </span>
    </p>

    <p class='ocr_par' dir='ltr' id='par_1_14' title="bbox 107 2126 1117 3650">
     <span class='ocr_line' id='line_1_18' title="bbox 196 2126 1093 2195; baseline 0.001 -5"><span class='ocrx_word' id='word_1_117' title='bbox 196 2126 248 2193; x_wconf 78' lang='lat'>27.</span> <span class='ocrx_word' id='word_1_118' title='bbox 276 2127 404 2193; x_wconf 91' lang='lat' dir='ltr'>Horum</span> <span class='ocrx_word' id='word_1_119' title='bbox 420 2128 566 2195; x_wconf 86' lang='lat' dir='ltr'>adventu</span> <span class='ocrx_word' id='word_1_120' title='bbox 581 2136 675 2192; x_wconf 88' lang='lat' dir='ltr'>tanta</span> <span class='ocrx_word' id='word_1_121' title='bbox 689 2149 796 2192; x_wconf 90' lang='lat' dir='ltr'>rerum</span> <span class='ocrx_word' id='word_1_122' title='bbox 814 2129 1026 2192; x_wconf 88' lang='lat' dir='ltr'>commutatio</span> <span class='ocrx_word' id='word_1_123' title='bbox 1043 2137 1093 2191; x_wconf 90' lang='lat' dir='ltr'>est</span> 
     </span>
     <span class='ocr_line' id='line_1_19' title="bbox 107 2230 1092 2316; baseline 0 -20"><span class='ocrx_word' id='word_1_124' title='bbox 107 2232 217 2314; x_wconf 84' lang='lat' dir='ltr'>facta,</span> <span class='ocrx_word' id='word_1_125' title='bbox 246 2239 282 2294; x_wconf 91' lang='lat' dir='ltr'>ut</span> <span class='ocrx_word' id='word_1_126' title='bbox 305 2233 408 2296; x_wconf 87' lang='lat' dir='ltr'>nostri</span> <span class='ocrx_word' id='word_1_127' title='bbox 432 2233 531 2296; x_wconf 88' lang='lat' dir='ltr'>etiam</span> <span class='ocrx_word' id='word_1_128' title='bbox 554 2233 609 2316; x_wconf 89' lang='lat' dir='ltr'>qui</span> <span class='ocrx_word' id='word_1_129' title='bbox 632 2230 821 2296; x_wconf 89' lang='lat' dir='ltr'>vulneribus</span> <span class='ocrx_word' id='word_1_130' title='bbox 852 2232 993 2296; x_wconf 88' lang='lat' dir='ltr'>confecti</span> <span class='ocrx_word' id='word_1_131' title='bbox 1020 2253 1092 2316; x_wconf 93' lang='lat' dir='ltr'>pro-</span> 
     </span>
     <span class='ocr_line' id='line_1_20' title="bbox 109 2332 1091 2419; baseline -0.003 -19"><span class='ocrx_word' id='word_1_132' title='bbox 109 2332 318 2411; x_wconf 86' lang='lat' dir='ltr'>cubuissent,</span> <span class='ocrx_word' id='word_1_133' title='bbox 354 2335 454 2399; x_wconf 87' lang='lat' dir='ltr'>scutis</span> <span class='ocrx_word' id='word_1_134' title='bbox 482 2335 587 2403; x_wconf 89' lang='lat' dir='ltr'>innixi</span> <span class='ocrx_word' id='word_1_135' title='bbox 621 2334 780 2419; x_wconf 91' lang='lat' dir='ltr'>proelium</span> <span class='ocrx_word' id='word_1_136' title='bbox 814 2333 1091 2418; x_wconf 72' lang='lat' dir='ltr'>redintegrarent,</span> 
     </span>
     <span class='ocr_line' id='line_1_21' title="bbox 109 2436 1093 2524; baseline -0.003 -22"><span class='ocrx_word' id='word_1_137' title='bbox 109 2448 182 2503; x_wconf 91' lang='lat' dir='ltr'>tum</span> <span class='ocrx_word' id='word_1_138' title='bbox 205 2436 339 2503; x_wconf 83' lang='lat' dir='ltr'>calones</span> <span class='ocrx_word' id='word_1_139' title='bbox 355 2439 547 2524; x_wconf 89' lang='lat' dir='ltr'>perterritos</span> <span class='ocrx_word' id='word_1_140' title='bbox 563 2436 675 2503; x_wconf 89' lang='lat' dir='ltr'>hostes</span> <span class='ocrx_word' id='word_1_141' title='bbox 697 2439 880 2524; x_wconf 86' lang='lat' dir='ltr'>conspicati</span> <span class='ocrx_word' id='word_1_142' title='bbox 896 2440 994 2503; x_wconf 89' lang='lat' dir='ltr'>etiam</span> <span class='ocrx_word' id='word_1_143' title='bbox 1011 2439 1093 2502; x_wconf 89' lang='lat' dir='ltr'>iner-</span> 
     </span>
     <span class='ocr_line' id='line_1_22' title="bbox 109 2541 1115 2629; baseline 0.004 -22"><span class='ocrx_word' id='word_1_144' title='bbox 109 2564 182 2607; x_wconf 90' lang='lat' dir='ltr'>mes</span> <span class='ocrx_word' id='word_1_145' title='bbox 199 2543 336 2608; x_wconf 83' lang='lat' dir='ltr'>armatis</span> <span class='ocrx_word' id='word_1_146' title='bbox 354 2550 581 2625; x_wconf 76' lang='lat' dir='ltr'>occurrerunt3</span> <span class='ocrx_word' id='word_1_147' title='bbox 606 2545 731 2629; x_wconf 89' lang='lat' dir='ltr'>equites</span> <span class='ocrx_word' id='word_1_148' title='bbox 747 2564 835 2621; x_wconf 90' lang='lat' dir='ltr'>vero,</span> <span class='ocrx_word' id='word_1_149' title='bbox 860 2551 896 2606; x_wconf 92' lang='lat' dir='ltr'>ut</span> <span class='ocrx_word' id='word_1_150' title='bbox 918 2541 1115 2626; x_wconf 76' lang='lat' dir='ltr'>turpitudia</span> 
     </span>
     <span class='ocr_line' id='line_1_23' title="bbox 109 2644 1115 2731; baseline 0 -20"><span class='ocrx_word' id='word_1_151' title='bbox 109 2666 187 2711; x_wconf 90' lang='lat' dir='ltr'>nem</span> <span class='ocrx_word' id='word_1_152' title='bbox 215 2644 312 2729; x_wconf 87' lang='lat' dir='ltr'>fugae</span> <span class='ocrx_word' id='word_1_153' title='bbox 340 2646 461 2711; x_wconf 85' lang='lat' dir='ltr'>virtute</span> <span class='ocrx_word' id='word_1_154' title='bbox 491 2645 652 2728; x_wconf 86' lang='lat' dir='ltr'>delerent,</span> <span class='ocrx_word' id='word_1_155' title='bbox 688 2644 839 2710; x_wconf 90' lang='lat' dir='ltr'>omnibus</span> <span class='ocrx_word' id='word_1_156' title='bbox 867 2648 900 2711; x_wconf 92' lang='lat' dir='ltr'>in</span> <span class='ocrx_word' id='word_1_157' title='bbox 930 2644 1011 2710; x_wconf 90' lang='lat' dir='ltr'>locis</span> <span class='ocrx_word' id='word_1_158' title='bbox 1035 2654 1115 2731; x_wconf 86' lang='lat' dir='ltr'>pu-&#39;</span> 
     </span>
     <span class='ocr_line' id='line_1_24' title="bbox 109 2747 1116 2835; baseline 0.003 -21"><span class='ocrx_word' id='word_1_159' title='bbox 109 2758 224 2834; x_wconf 88' lang='lat' dir='ltr'>gnant,</span> <span class='ocrx_word' id='word_1_160' title='bbox 253 2769 316 2834; x_wconf 88' lang='lat' dir='ltr'>quo</span> <span class='ocrx_word' id='word_1_161' title='bbox 341 2771 377 2814; x_wconf 90' lang='lat' dir='ltr'>se</span> <span class='ocrx_word' id='word_1_162' title='bbox 404 2747 594 2833; x_wconf 86' lang='lat' dir='ltr'>legionariis</span> <span class='ocrx_word' id='word_1_163' title='bbox 616 2749 774 2814; x_wconf 88' lang='lat' dir='ltr'>militibus</span> <span class='ocrx_word' id='word_1_164' title='bbox 797 2749 1010 2835; x_wconf 88' lang='lat' dir='ltr'>praeferrent.</span> <span class='ocrx_word' id='word_1_165' title='bbox 1049 2751 1116 2818; x_wconf 83' lang='lat' dir='ltr'>Ate</span> 
     </span>
     <span class='ocr_line' id='line_1_25' title="bbox 109 2852 1094 2938; baseline 0.002 -21"><span class='ocrx_word' id='word_1_166' title='bbox 109 2854 224 2919; x_wconf 89' lang='lat' dir='ltr'>hostes</span> <span class='ocrx_word' id='word_1_167' title='bbox 248 2854 347 2917; x_wconf 92' lang='lat' dir='ltr'>etiam</span> <span class='ocrx_word' id='word_1_168' title='bbox 369 2854 402 2917; x_wconf 92' lang='lat' dir='ltr'>in</span> <span class='ocrx_word' id='word_1_169' title='bbox 418 2863 567 2918; x_wconf 86' lang='lat' dir='ltr'>extrema</span> <span class='ocrx_word' id='word_1_170' title='bbox 591 2875 649 2938; x_wconf 91' lang='lat' dir='ltr'>spe</span> <span class='ocrx_word' id='word_1_171' title='bbox 666 2852 781 2918; x_wconf 84' lang='lat' dir='ltr'>salutis</span> <span class='ocrx_word' id='word_1_172' title='bbox 797 2862 924 2918; x_wconf 90' lang='lat' dir='ltr'>tantam</span> <span class='ocrx_word' id='word_1_173' title='bbox 940 2854 1094 2919; x_wconf 88' lang='lat' dir='ltr'>virtutem</span> 
     </span>
     <span class='ocr_line' id='line_1_26' title="bbox 110 2956 1094 3043; baseline 0.002 -23"><span class='ocrx_word' id='word_1_174' title='bbox 110 2957 356 3041; x_wconf 89' lang='lat' dir='ltr'>praestiterunt,</span> <span class='ocrx_word' id='word_1_175' title='bbox 380 2965 426 3039; x_wconf 94' lang='lat' dir='ltr'>ut,</span> <span class='ocrx_word' id='word_1_176' title='bbox 450 2979 524 3022; x_wconf 92' lang='lat' dir='ltr'>cum</span> <span class='ocrx_word' id='word_1_177' title='bbox 541 2958 638 3043; x_wconf 91' lang='lat' dir='ltr'>primi</span> <span class='ocrx_word' id='word_1_178' title='bbox 655 2979 767 3022; x_wconf 91' lang='lat' dir='ltr'>eorum</span> <span class='ocrx_word' id='word_1_179' title='bbox 791 2956 997 3037; x_wconf 87' lang='lat' dir='ltr'>cecidissent,</span> <span class='ocrx_word' id='word_1_180' title='bbox 1021 2979 1094 3040; x_wconf 94' lang='lat' dir='ltr'>pro-</span> 
     </span>
     <span class='ocr_line' id='line_1_27' title="bbox 110 3059 1093 3146; baseline -0.001 -20"><span class='ocrx_word' id='word_1_181' title='bbox 110 3061 194 3126; x_wconf 88' lang='lat' dir='ltr'>ximi</span> <span class='ocrx_word' id='word_1_182' title='bbox 222 3059 406 3126; x_wconf 86' lang='lat' dir='ltr'>iaoentibus</span> <span class='ocrx_word' id='word_1_183' title='bbox 434 3061 622 3126; x_wconf 89' lang='lat' dir='ltr'>insisterent</span> <span class='ocrx_word' id='word_1_184' title='bbox 652 3070 749 3146; x_wconf 86' lang='lat' dir='ltr'>atque</span> <span class='ocrx_word' id='word_1_185' title='bbox 773 3082 816 3125; x_wconf 83' lang='lat' dir='ltr'>ex</span> <span class='ocrx_word' id='word_1_186' title='bbox 844 3082 957 3124; x_wconf 89' lang='lat' dir='ltr'>eorum</span> <span class='ocrx_word' id='word_1_187' title='bbox 979 3082 1093 3145; x_wconf 92' lang='lat' dir='ltr'>corpo-</span> 
     </span>
     <span class='ocr_line' id='line_1_28' title="bbox 110 3160 1117 3250; baseline 0.001 -21"><span class='ocrx_word' id='word_1_188' title='bbox 110 3160 204 3229; x_wconf 91' lang='lat' dir='ltr'>ribus</span> <span class='ocrx_word' id='word_1_189' title='bbox 233 3172 439 3250; x_wconf 77' lang='lat' dir='ltr'>pugnarent3</span> <span class='ocrx_word' id='word_1_190' title='bbox 468 3163 519 3230; x_wconf 87' lang='lat' dir='ltr'>his</span> <span class='ocrx_word' id='word_1_191' title='bbox 543 3165 679 3230; x_wconf 91' lang='lat' dir='ltr'>deiectis</span> <span class='ocrx_word' id='word_1_192' title='bbox 708 3174 740 3228; x_wconf 95' lang='lat' dir='ltr'>et</span> <span class='ocrx_word' id='word_1_193' title='bbox 763 3164 968 3230; x_wconf 86' lang='lat' dir='ltr'>coacervatis</span> <span class='ocrx_word' id='word_1_194' title='bbox 995 3164 1117 3230; x_wconf 78' lang='lat' dir='ltr'>cada-4</span> 
     </span>
     <span class='ocr_line' id='line_1_29' title="bbox 111 3265 1095 3354; baseline 0.001 -23"><span class='ocrx_word' id='word_1_195' title='bbox 111 3265 256 3345; x_wconf 86' lang='lat' dir='ltr'>veribus,</span> <span class='ocrx_word' id='word_1_196' title='bbox 273 3268 329 3352; x_wconf 93' lang='lat' dir='ltr'>qui</span> <span class='ocrx_word' id='word_1_197' title='bbox 345 3277 564 3354; x_wconf 87' lang='lat' dir='ltr'>superessent,</span> <span class='ocrx_word' id='word_1_198' title='bbox 580 3276 617 3331; x_wconf 93' lang='lat' dir='ltr'>ut</span> <span class='ocrx_word' id='word_1_199' title='bbox 634 3291 676 3332; x_wconf 85' lang='lat' dir='ltr'>ex</span> <span class='ocrx_word' id='word_1_200' title='bbox 692 3266 815 3332; x_wconf 86' lang='lat' dir='ltr'>tumulo</span> <span class='ocrx_word' id='word_1_201' title='bbox 833 3265 899 3331; x_wconf 89' lang='lat' dir='ltr'>tela</span> <span class='ocrx_word' id='word_1_202' title='bbox 915 3268 948 3332; x_wconf 93' lang='lat' dir='ltr'>in</span> <span class='ocrx_word' id='word_1_203' title='bbox 965 3276 1095 3332; x_wconf 90' lang='lat' dir='ltr'>nostros</span> 
     </span>
     <span class='ocr_line' id='line_1_30' title="bbox 111 3369 1117 3458; baseline -0.002 -22"><span class='ocrx_word' id='word_1_204' title='bbox 111 3369 302 3436; x_wconf 90' lang='lat' dir='ltr'>conicerent</span> <span class='ocrx_word' id='word_1_205' title='bbox 336 3378 369 3436; x_wconf 90' lang='lat' dir='ltr'>et</span> <span class='ocrx_word' id='word_1_206' title='bbox 399 3371 468 3456; x_wconf 88' lang='lat' dir='ltr'>pila</span> <span class='ocrx_word' id='word_1_207' title='bbox 496 3373 680 3458; x_wconf 87' lang='lat' dir='ltr'>intercepta</span> <span class='ocrx_word' id='word_1_208' title='bbox 712 3372 928 3436; x_wconf 89' lang='lat' dir='ltr'>remitterent:</span> <span class='ocrx_word' id='word_1_209' title='bbox 964 3379 1000 3435; x_wconf 91' lang='lat' dir='ltr'>ut</span> <span class='ocrx_word' id='word_1_210' title='bbox 1028 3393 1117 3435; x_wconf 83' lang='lat' dir='ltr'>nous</span> 
     </span>
     <span class='ocr_line' id='line_1_31' title="bbox 112 3473 1096 3560; baseline 0 -21"><span class='ocrx_word' id='word_1_211' title='bbox 112 3474 314 3560; x_wconf 86' lang='lat' dir='ltr'>nequiquam</span> <span class='ocrx_word' id='word_1_212' title='bbox 336 3482 449 3555; x_wconf 85' lang='lat' dir='ltr'>tantae</span> <span class='ocrx_word' id='word_1_213' title='bbox 472 3476 602 3540; x_wconf 91' lang='lat' dir='ltr'>virtutis</span> <span class='ocrx_word' id='word_1_214' title='bbox 624 3473 772 3540; x_wconf 90' lang='lat' dir='ltr'>homines</span> <span class='ocrx_word' id='word_1_215' title='bbox 801 3474 938 3539; x_wconf 88' lang='lat' dir='ltr'>iudicari</span> <span class='ocrx_word' id='word_1_216' title='bbox 962 3473 1096 3539; x_wconf 91' lang='lat' dir='ltr'>deberet</span> 
     </span>
     <span class='ocr_line' id='line_1_32' title="bbox 113 3577 1096 3650; baseline 0.001 -7"><span class='ocrx_word' id='word_1_217' title='bbox 113 3600 214 3644; x_wconf 90' lang='lat' dir='ltr'>ausos</span> <span class='ocrx_word' id='word_1_218' title='bbox 243 3599 315 3645; x_wconf 88' lang='lat' dir='ltr'>esse</span> <span class='ocrx_word' id='word_1_219' title='bbox 344 3579 483 3644; x_wconf 90' lang='lat' dir='ltr'>transire</span> <span class='ocrx_word' id='word_1_220' title='bbox 513 3577 708 3644; x_wconf 88' lang='lat' dir='ltr'>latissimum</span> <span class='ocrx_word' id='word_1_221' title='bbox 744 3577 881 3650; x_wconf 86' lang='lat' dir='ltr'>flumen,</span> <span class='ocrx_word' id='word_1_222' title='bbox 917 3578 1096 3644; x_wconf 88' lang='lat' dir='ltr'>ascendere</span> 
     </span>
    </p>
   </div>
   <div class='ocr_carea' id='block_1_3' title="bbox 0 0 1231 4028">
    <p class='ocr_par' dir='ltr' id='par_1_15' title="bbox 0 0 1231 4028">
     <span class='ocr_line' id='line_1_33' title="bbox 0 0 1231 4028; baseline 0 0"><span class='ocrx_word' id='word_1_223' title='bbox 0 0 1231 4028; x_wconf 95' lang='lat' dir='ltr'> </span> 
     </span>
    </p>
   </div>
  </div>
 </body>
</html>
