2430 4028
178 256 242 320 244
487 254 537 306 nn
554 253 676 306 sunno
696 252 855 309 osnmco

179 449 235 534 qui
258 447 417 514 silvarum
434 447 594 514 beneficio
614 470 730 514 casum
753 448 968 527 evitaverunt,
993 443 1158 531 [omnibus

179 549 338 635 adversis]
351 553 485 637 cognita
496 551 695 634 calamitate,
706 551 880 618 interfecto
889 549 1023 634 Correo,
1037 551 1159 617 amisso

180 656 328 741 equitatu
351 665 384 720 et
406 656 593 721 fortissimis
612 653 788 741 peditibus,
811 676 886 721 cum
901 654 1082 720 adventure
1097 653 1161 719 Ro·

180 779 296 823 manos
312 758 549 839 existimarent,
574 756 716 823 concilio
739 768 875 843 repente
891 767 991 823 cantu
1005 755 1163 823 tubarum

180 871 363 928 convocato
394 861 621 945 conclamant,
651 859 753 945 legati
783 858 982 946 obsidesque
1008 859 1053 927 ad
1082 859 1162 926 an-

181 986 287 1030 sarem
308 966 490 1031 mittantur.

267 1067 319 1131 21.
349 1068 425 1133 Hoc
461 1068 612 1134 omnibus
644 1069 786 1157 probato
821 1067 961 1134 consilio
990 1064 1163 1133 Commius

181 1171 325 1238 Atrebas
343 1172 386 1238 ad
409 1195 466 1239 eos
490 1173 638 1258 confugit
654 1173 849 1257 Germanos,
876 1171 1040 1259 aquibus
1062 1170 1107 1237 ad
1129 1170 1163 1235 id

159 1274 306 1341 ibellum
328 1276 454 1363 auxilia
476 1286 645 1343 mutuatus
663 1287 743 1343 erat.
768 1276 878 1344 Ceteri
892 1299 911 1342 e
925 1276 1068 1360 vestigio
1090 1276 1165 1342 mit·

181 1388 255 1444 tunt
284 1377 327 1444 ad
350 1378 529 1445 Caesarem
550 1378 679 1464 legatos
708 1388 904 1466 petuntque,
930 1389 969 1445 ut
991 1400 1032 1445 ea
1054 1400 1166 1465 poena

184 1488 226 1548 sit
260 1492 435 1549 contentus
465 1483 624 1562 hostium,
659 1506 759 1572 quam
792 1487 820 1551 si
848 1486 920 1551 sine
950 1483 1165 1549 dimicatione

183 1587 303 1653 inferre
335 1588 472 1672 integris
506 1596 638 1673 posset,
671 1610 730 1674 pro
766 1610 826 1653 sua
859 1586 1036 1654 elementia
1065 1595 1165 1672 atque

160 1687 387 1761 ahumanitate
419 1711 596 1776 numquam
619 1691 768 1777 profecto
799 1699 887 1757 esset
907 1689 1070 1756 illaturus.
1106 1688 1165 1755 Af-

183 1793 292 1859 flictas
330 1815 410 1879 opes
445 1796 588 1880 equestri
621 1795 746 1880 proelio
783 1795 1038 1861 Bellovacorum
1074 1816 1167 1877 esse;

186 1895 388 1963 delectorum
411 1897 558 1982 peditum
580 1898 684 1963 multa
699 1898 791 1964 milia
813 1899 976 1974 interisse,
998 1898 1059 1963 vix
1080 1897 1166 1962 refu·

161 2001 273 2084 sgisse
296 2001 428 2067 nuntios
452 2000 575 2065 caedis.
616 2001 743 2067 Tamen
765 2023 932 2087 magnum,
955 2003 1049 2067 utin
1071 2010 1167 2067 tanta

183 2102 389 2184 calamitate,
414 2103 610 2171 Bellovacos
641 2128 679 2170 eo
703 2105 830 2192 proelio
857 2104 1070 2172 commodum
1093 2126 1167 2170 esse

184 2216 397 2291 consecutos,
423 2206 512 2294 quod
535 2207 694 2291 Correus,
719 2218 835 2274 auctor
863 2207 958 2291 belli,
982 2210 1168 2276 concitator

184 2310 412 2390 multitudinis,
436 2319 525 2376 esset
539 2311 743 2378 interfectus.
767 2312 954 2398 Numquam
969 2312 1059 2377 enim
1075 2333 1168 2376 sena·

183 2423 252 2479 tum
275 2423 403 2479 tantum
425 2415 460 2478 in
483 2416 617 2481 civitate
640 2415 697 2480 illo
714 2417 791 2481 vivo
808 2424 965 2502 quantum
979 2415 1168 2502 imperitum

184 2516 315 2604 plebem
337 2518 495 2603 potuisse.

269 2619 322 2683 22.
338 2621 432 2687 Haec
449 2618 620 2687 orantibus
635 2621 758 2706 legatis
774 2630 1013 2687 commemorat
1023 2620 1168 2689 Osesar:

185 2723 301 2788 eodem
324 2732 473 2810 tempore
498 2726 666 2809 superiore
690 2747 777 2791 anno
802 2724 1002 2791 Bellovacos
1024 2734 1169 2791 ceteras-

186 2849 248 2911 que
281 2825 411 2893 Galliae
445 2828 596 2892 civitates
626 2831 813 2916 suscepisse
846 2827 988 2912 bellum3
1020 2830 1168 2915 pertina-

186 2932 319 2997 cissime
346 2931 408 2997 hos
436 2953 480 2996 ex
511 2931 662 2997 omnibus
692 2934 726 2996 in
757 2934 926 2998 sententia
946 2936 1169 3019 permansisse

186 3056 291 3120 neque
315 3033 358 3100 ad
382 3035 558 3101 sanitatem
580 3035 781 3121 reliquorum
811 3034 979 3101 deditione
1000 3056 1076 3103 esse
1098 3058 1170 3123 per·

164 3139 313 3210 2duotos.
358 3137 450 3204 Scire
473 3148 573 3225 atque
601 3139 793 3225 intellegere
817 3161 853 3204 se
875 3159 1014 3206 causam
1039 3140 1171 3226 peccati

186 3241 342 3308 facillime
371 3243 508 3308 mortuis
541 3241 697 3327 delegari.
743 3244 915 3309 Neminem
936 3264 1017 3308 vero
1039 3252 1170 3309 tantum

186 3346 320 3432 pollere,
333 3355 369 3411 ut
379 3347 491 3412 invitis
504 3346 719 3432 principibus,
731 3349 907 3412 resistente
925 3355 1055 3429 senatu,
1069 3346 1171 3413 omni·

186 3451 249 3517 bus
272 3450 366 3516 bonis
388 3449 647 3535 repugnantibus
662 3450 796 3518 infimus
810 3472 911 3517 manu
925 3448 1032 3536 plebis
1048 3448 1171 3518 bellum
