2430 4028
142 272 184 336 30
445 272 494 322 nn
514 272 634 323 nunno
655 273 813 325 oaumco

142 465 250 550 ipsum
266 464 397 551 quidem
423 486 557 550 sperare
580 475 710 530 nostros
734 468 898 531 exercitus
921 467 997 551 capi
1011 489 1124 552 posse.

108 594 132 633 ιο
143 567 206 649 Qui
231 590 324 632 suum
339 569 489 632 timorem
511 571 545 632 in
567 570 614 634 rei
631 569 864 635 frumentariae
881 568 1123 635 simulationem

142 673 374 757 angustiasque
406 673 530 736 itineris
553 673 756 756 conferrent,
788 673 896 738 facere
919 682 1123 756 arroganter,

141 797 215 839 cum
239 784 295 840 aut
317 774 358 839 de
382 775 490 839 officio
520 777 727 859 imperatoris
751 776 925 861 desperare
949 786 1006 841 aut
1027 798 1123 861 prae·

106 906 129 943 ιι
142 877 283 943 scribere
298 878 494 943 viderentur.
513 878 606 943 Haec
623 879 684 943 sibi
701 903 773 944 esse
789 899 905 944 curae:
923 880 1124 945 frumentum

140 980 322 1068 Sequanos,
346 983 486 1062 Leucos,
510 983 679 1066 Lingones
703 983 959 1066 subministrare,
988 985 1123 1070 iamque

139 1108 212 1151 esse
234 1088 269 1151 in
284 1087 373 1171 agris
390 1088 553 1151 frumenta
570 1095 713 1170 matura3
732 1086 772 1152 de
788 1088 904 1152 itinere
919 1090 1010 1173 ipsos
1026 1086 1123 1155 brevi

105 1199 285 1276 intempore
307 1189 519 1254 iudicaturos.
545 1189 645 1270 Quod
666 1213 733 1254 non
750 1191 820 1255 fore
838 1191 925 1256 dicto
949 1190 1122 1258 audientes

138 1317 244 1380 neque
267 1298 361 1379 signa
384 1294 480 1359 laturi
504 1292 664 1376 dicantur,
696 1293 775 1358 nihil
800 1317 834 1358 se
858 1317 897 1358 ea
920 1317 954 1358 re
977 1316 1122 1360 commo·

138 1400 223 1464 veri:
258 1401 342 1463 scire
383 1399 489 1474 enim,
532 1398 791 1482 quibuscumque
825 1399 990 1462 exercitus
1029 1397 1120 1464 dicto

139 1502 275 1568 audiens
298 1526 363 1567 non
386 1503 497 1586 fuerit,
523 1513 580 1570 aut
594 1503 680 1568 male
701 1528 737 1569 re
761 1515 854 1589 gesta
876 1506 1041 1572 fortunam
1066 1508 1121 1573 de·

137 1605 249 1690 fuisse,
273 1616 330 1671 aut
353 1607 462 1694 aliquo
487 1608 633 1673 facinore
649 1620 817 1694 comperto
842 1603 1027 1700 avaritiam
1047 1635 1121 1678 esse

103 1733 127 1772 13
138 1712 339 1775 convictam:
363 1734 457 1776 suam
479 1714 702 1777 innocentiam
725 1722 885 1799 perpetua
906 1717 993 1797 vita,
1017 1714 1121 1780 felici·

102 1837 128 1875 14
137 1823 240 1879 tatem
263 1814 489 1879 Helvetiorum
517 1815 604 1880 bello
636 1839 708 1881 esse
736 1826 954 1900 perspectam.
1000 1817 1120 1904 Itaque

138 1940 183 1999 se,
207 1916 296 2003 quod
324 1920 358 1982 in
380 1917 561 2002 longiorem
591 1918 677 1983 diem
700 1919 879 1984 collaturus
903 1920 1034 2004 fuisset,
1070 1945 1121 1986 re·

136 2030 420 2106 praesentaturum
444 2030 475 2085 et
498 2021 651 2105 proxima
673 2030 770 2085 nocte
800 2021 840 2086 de
863 2032 981 2107 quarta
1003 2025 1121 2108 vigilia

136 2135 247 2189 castra
264 2134 437 2206 moturum,
461 2136 497 2188 ut
514 2147 611 2208 quam
634 2127 774 2210 primum
789 2126 977 2211 intellegere
992 2140 1118 2213 posset,

135 2237 243 2293 utrum
278 2226 367 2312 apud
401 2249 456 2292 eos
491 2227 598 2312 pudor
631 2238 729 2313 atque
753 2228 911 2309 officium,
947 2253 990 2295 an
1018 2233 1121 2298 timor

101 2352 126 2392 15
135 2331 268 2396 valeret.
293 2331 391 2413 Quod
415 2335 442 2397 si
460 2333 742 2418 praetereasnemo
768 2342 931 2418 sequatur,
948 2343 1119 2402 tamense

138 2457 212 2499 cum
240 2435 311 2500 sola
334 2434 463 2499 decima
486 2434 614 2518 legione
631 2437 762 2519 iturum,
786 2437 825 2501 de
848 2460 914 2522 qua
936 2461 1001 2502 non
1025 2439 1120 2506 dubi·

135 2548 235 2614 taret,
269 2537 396 2623 sibique
430 2561 501 2603 eam
528 2542 728 2624 praetoriam
764 2538 932 2605 cohortem
961 2542 1116 2608 futuram.

135 2643 222 2707 Huic
258 2642 379 2725 legioni
413 2639 537 2706 Caesar
578 2652 610 2706 et
646 2641 827 2708 indulserat
863 2646 1041 2732 praecipue
1083 2657 1117 2712 et

134 2754 268 2830 propter
289 2748 443 2810 virtutem
465 2744 652 2810 confidebat
675 2748 830 2811 maxime.

219 2848 270 2911 41.
294 2849 369 2912 Hac
393 2851 539 2913 oratione
563 2848 675 2913 habita
691 2852 807 2914 mirum
830 2853 863 2916 in
879 2851 1012 2917 modum
1036 2876 1114 2918 con·

133 2974 249 3018 versae
285 2962 361 3017 sunt
394 2954 537 3017 omnium
566 2964 707 3035 mentes,
742 2976 934 3039 summaque
957 2955 1121 3024 alacritas-

110 3066 166 3124 ret
194 3056 356 3141 cupiditas
387 3056 463 3121 belli
492 3056 625 3139 gerendi
653 3059 770 3122 innata
793 3066 859 3135 est,
893 3061 1120 3147 princepsque·

132 3161 260 3225 decima
282 3160 367 3242 legio
391 3182 450 3243 per
472 3158 620 3225 tribunos
650 3160 788 3226 militum
819 3164 848 3225 ei
878 3165 1003 3245 gratias
1033 3167 1119 3249 egit.

131 3264 220 3348 quod
242 3263 283 3328 de
307 3287 343 3328 se
367 3266 525 3348 optimum
554 3264 709 3328 iudicium
733 3265 880 3347 fecisset,
917 3289 1016 3351 seque
1038 3291 1120 3333 esse

108 3368 174 3432 aad
188 3366 309 3431 bellum
334 3367 513 3452 gerendum
537 3371 780 3451 paratissimam
798 3369 1011 3435 confirmavit.
1046 3371 1113 3436 De·

129 3469 206 3534 inde
227 3470 372 3556 reliquae
395 3471 539 3554 legiones
563 3494 636 3535 cum
660 3473 798 3536 tribunis
822 3471 961 3537 militum
990 3482 1022 3538 et
1045 3478 1110 3559 pri-

128 3596 254 3638 morum
278 3574 427 3639 ordinum
450 3573 693 3640 centurionibus
723 3584 873 3660 egerunt,
903 3576 950 3638 uti
973 3575 1116 3643 Caesari
