2430 4028
347 251 458 302 LIBER
476 251 525 315 Ill,
546 249 623 302 OAP.
645 248 755 300 18-15.
1002 248 1040 312 71

61 440 178 504 statuit
202 441 462 525 exspectandam
488 439 639 505 classem.
686 439 780 520 Quae
804 439 859 506 ubi
890 440 1066 504 convenita

61 563 103 606 ac
127 543 267 626 primum
284 541 327 607 ab
342 543 492 608 hostibus
508 545 582 609 visa
604 552 663 619 est,
688 546 818 610 circiter
834 559 924 608 ccxx
940 564 1043 608 naves

61 668 174 710 eorum
196 648 426 731 paratissimae
450 657 547 733 atque
564 650 651 713 omni
671 669 790 732 genere
814 670 978 713 armorum
995 670 1043 713 or-

63 751 253 814 natissimae
278 751 446 835 profectae
469 774 510 815 ex
534 762 630 836 portu
646 754 768 816 nostris
786 751 944 816 adversae
968 773 1044 816 con·

63 854 234 936 stiterunt3
260 875 365 940 neque
382 856 461 918 satis
480 855 593 937 Bruto,
619 857 673 940 qui
690 855 788 919 classi
806 863 967 941 praeerat,
992 854 1065 920 velo

60 956 203 1020 tribunis
232 956 372 1021 militum
395 958 723 1045 centurionibusque,
752 958 870 1044 quibus
895 957 1044 1041 singulae

60 1081 166 1124 naves
191 1069 285 1125 erant
307 1061 496 1144 attributae,
521 1061 706 1138 constabat,
731 1061 808 1147 quid
830 1069 965 1144 agerent
987 1069 1045 1126 aut

60 1184 161 1248 quam
184 1164 347 1228 rationem
363 1186 493 1249 pugnae
517 1166 711 1228 insisterent.
734 1164 853 1228 Rostro
878 1165 965 1229 enim
986 1182 1066 1229 κιο-4

59 1266 127 1329 ceri
145 1287 212 1329 non
228 1288 326 1351 posse
343 1276 582 1352 cognoverant3
604 1266 748 1332 turribus
764 1276 874 1332 autem
891 1268 1043 1333 excitatis

59 1378 171 1432 tamen
206 1368 266 1433 has
296 1368 434 1435 altitudo
463 1372 621 1456 puppium
652 1393 693 1434 ex
721 1368 874 1434 barbaris
901 1371 1043 1436 navibus

61 1470 251 1556 superabat,
270 1481 305 1535 ut
320 1494 426 1557 neque
442 1496 484 1536 ex
501 1473 654 1538 inferiore
677 1473 750 1537 loco
775 1475 854 1537 satis
871 1474 1044 1538 commode

59 1572 127 1638 tela
152 1573 241 1659 adigi
264 1587 400 1661 possent
423 1587 455 1641 et
476 1579 578 1641 missa
601 1577 642 1642 ab
668 1575 773 1642 Gallis
803 1578 935 1659 gravius
958 1579 1044 1643 acci-

60 1677 187 1743 derent.
209 1677 284 1743 Una
308 1688 378 1743 erat
401 1702 521 1764 magno
546 1684 620 1745 usui
642 1703 694 1744 res
722 1689 921 1765 praeparata
944 1704 964 1745 a
986 1703 1066 1749 κιο-5

60 1782 151 1861 stris,
174 1781 277 1849 falces
294 1794 493 1869 praeacutae
511 1786 654 1849 insertae
670 1784 857 1869 affixaeque
873 1783 1042 1868 longuriis,

58 1906 127 1949 non
159 1885 301 1951 absimili
335 1888 442 1952 forma
475 1888 650 1953 muralium
685 1887 830 1952 falcium.
875 1888 938 1953 His
969 1910 1065 1953 cums

58 1988 165 2062 funes,
190 1990 244 2073 qui
268 1999 443 2055 antemnas
460 1989 502 2053 ad
525 1990 630 2056 malos
648 1990 869 2073 destinabant,
897 2012 1044 2076 compre·

60 2092 154 2156 hensi
179 2092 378 2178 adductique
402 2104 506 2176 erant,
529 2096 662 2178 navigio
684 2096 782 2158 remis
797 2095 933 2159 incitato
950 2116 1043 2179 prae-

57 2196 306 2280 rumpebantur.
339 2196 465 2277 Quibus
489 2197 630 2262 abscisis
659 2207 832 2263 antemnae
855 2197 1065 2262 necessarior

61 2298 296 2376 concidebant,
326 2311 379 2382 ut,
410 2323 483 2366 cum
509 2305 615 2367 omnis
640 2299 779 2366 Gallicis
801 2299 943 2364 navibus
968 2321 1043 2385 spes

58 2403 94 2466 in
112 2401 194 2466 velis
210 2406 488 2491 armamentisque
504 2406 708 2489 consisteret,
731 2404 783 2468 his
800 2405 920 2489 ereptis
938 2404 1042 2467 omnis

59 2527 141 2568 usus
157 2507 292 2570 navium
306 2529 371 2572 uno
394 2517 542 2592 tempore
566 2511 755 2592 eriperetur.
778 2506 950 2592 Reliquum
973 2514 1064 2572 erate

58 2617 227 2672 certamen
262 2612 405 2694 positum
439 2613 470 2675 in
507 2611 626 2676 virtute
640 2662 648 2692 ,
686 2633 749 2697 qua
785 2611 889 2675 nostri
923 2607 1043 2674 milites

57 2709 158 2774 facile
175 2711 385 2796 superabant,
402 2722 500 2799 atque
516 2736 554 2778 eo
571 2716 686 2797 magis,
711 2713 798 2799 quod
814 2716 846 2778 iu
864 2719 1043 2797 conspectu

59 2812 214 2878 Caesaris
247 2823 346 2901 atque
376 2819 480 2881 omnis
512 2819 675 2881 exercitus
705 2840 758 2881 res
786 2815 976 2900 gerebatur,
1007 2823 1045 2878 ut

57 2914 184 2980 nullum
213 2917 312 3002 paulo
342 2918 458 2984 fortius
488 2920 612 2984 factum
639 2918 739 2992 latere
771 2927 901 3004 posset3
931 2939 1043 2982 omnes

60 3020 148 3084 enim
172 3019 277 3084 colles
301 3042 339 3086 ac
356 3021 430 3087 loca
448 3024 627 3107 superiora,
651 3022 738 3086 unde
754 3033 825 3086 erat
840 3022 1043 3108 propinquus

59 3121 236 3206 despectus
259 3124 293 3188 in
316 3146 416 3205 mare,
441 3124 482 3188 ab
507 3127 654 3188 exercitu
677 3124 883 3189 tenebantur.

149 3225 199 3290 15.
229 3225 402 3308 Disiectis,
434 3238 469 3291 ut
492 3228 654 3307 diximus,
682 3231 856 3311 antemnis,
881 3250 953 3309 cum
978 3229 1043 3291 sin-

59 3329 157 3413 gulas
178 3328 277 3393 binae
294 3351 334 3394 ac
357 3339 470 3394 ternae
486 3353 588 3394 naves
605 3331 899 3415 circumsteterant,
923 3329 1042 3395 milites

59 3452 190 3497 summa
212 3432 244 3494 vi
267 3432 499 3498 transcendere
522 3435 554 3497 iu
578 3432 721 3498 hostium
740 3455 843 3497 naves
866 3432 1042 3498 contende-

57 3535 152 3600 bant.
182 3532 281 3613 Quod
299 3544 473 3622 postquam
489 3536 621 3602 barbari
644 3535 714 3599 fieri
730 3535 1064 3614 animadvertemus
