2430 4028
179 236 244 300 234
481 239 532 289 nn
551 238 672 289 nanno
691 237 849 289 annnroo

155 436 393 493 ‹revertuntur
441 427 600 514 Oppressi
625 429 785 496 Carnutes
807 426 924 491 hiemis
954 424 1160 510 difficultate,

178 540 302 596 terrore
324 531 471 617 periculi,
507 555 582 598 eum
604 535 700 601 tectis
724 531 854 618 expulsi
877 529 967 595 nullo
991 529 1067 595 loco
1091 529 1161 594 din-

177 637 242 700 tius
265 635 443 700 consistere
467 636 627 702 auderent
641 658 701 701 nec
725 635 881 702 silvarum
896 632 1064 719 praesidio
1082 640 1163 697 tem·

178 737 361 823 pestatibus
390 739 571 804 durissimis
600 742 667 824 tegi
689 747 843 827 possent,
878 737 1018 823 dispersi
1040 757 1163 819 magna

178 850 271 926 parte
284 842 408 906 amissa
420 863 554 908 suorum
566 842 769 926 dissipantur
780 842 813 907 in
827 841 985 906 finitimas
997 840 1163 905 civitates.

265 944 295 1008 6.
319 942 443 1010 Caesar
465 954 613 1032 tempore
636 946 714 1009 anni
737 942 948 1028 difficillimo,
983 964 1060 1009 cum
1082 942 1163 1008 satis

179 1047 316 1114 haberet
338 1050 570 1115 convenientes
593 1071 710 1114 manus
733 1048 905 1134 dissipare,
928 1068 970 1113 ne
992 1047 1084 1133 qnod
1104 1049 1165 1112 ini·

179 1154 260 1217 tium
282 1151 359 1217 belli
383 1162 583 1237 nasceretur,
616 1161 837 1238 quantumque
865 1154 900 1218 in
921 1153 1051 1217 ratione
1079 1159 1166 1217 esset

180 1255 386 1340 exploratum
410 1254 556 1340 haberet,
577 1256 637 1321 sub
660 1267 790 1342 tempus
813 1255 1013 1321 aestivorum
1034 1253 1163 1320 nullum

181 1381 343 1424 summum
366 1357 487 1425 bellum
511 1381 611 1446 posse
633 1359 787 1442 conflari,
819 1358 940 1425 Gaium
962 1355 1164 1423 Trebonium

181 1484 254 1526 cum
289 1461 417 1527 duabus
450 1461 654 1548 legionibus,
690 1485 772 1550 quas
801 1484 912 1528 secum
933 1459 1097 1539 habebat,
1131 1463 1165 1526 in

158 1564 325 1630 ahibcrnis
349 1564 480 1630 Genabi
504 1565 700 1642 collocavit3
723 1567 807 1652 ipse,
831 1587 907 1632 cum
928 1563 1056 1631 crebris
1076 1564 1165 1651 lega·

181 1670 324 1735 tionibus
358 1669 534 1735 Remorum
572 1671 692 1736 certior
725 1670 818 1735 fieret
851 1668 1072 1752 Bellovacos,
1110 1669 1164 1755 qni

181 1771 259 1837 belli
289 1772 394 1856 gloria
424 1771 540 1838 Gallos
572 1794 685 1837 omnes
714 1772 901 1858 Belgasque
934 1770 1163 1858 praestabant,

118 1912 123 1924 ·
180 1876 401 1961 finitimasque
423 1874 473 1939 his
497 1876 647 1940 civitates
676 1875 759 1941 duce
780 1874 903 1940 Correo
927 1874 1109 1940 Bellovaco
1132 1884 1164 1939 et

181 1978 329 2043 Commio
364 1977 524 2043 Atrebate
557 1980 722 2043 exereitus
762 2000 955 2064 comparare
992 1984 1094 2064 atque
1131 1979 1162 2042 in

181 2104 281 2146 unum
304 2080 412 2146 locum
436 2103 571 2166 cogere,
607 2091 642 2146 ut
671 2085 758 2147 omni
789 2080 997 2149 multitudine
1026 2082 1063 2147 in
1084 2081 1164 2147 lines

181 2183 408 2263 Suessionum,
431 2187 486 2270 qui
509 2186 619 2251 Remis
644 2196 735 2251 erant
757 2185 916 2264 attributi,
937 2185 1088 2251 facerent
1109 2186 1165 2250 im-

180 2289 400 2373 pressionem,
435 2289 597 2372 pertinere
620 2297 728 2354 autem
751 2311 819 2354 non
841 2295 971 2354 tantum
993 2286 1039 2353 ad
1062 2288 1165 2374 digni·

180 2401 292 2475 tatem,
317 2391 376 2456 sed
398 2394 498 2457 etiam
520 2390 564 2457 ad
587 2391 726 2457 salutem
750 2413 843 2457 suam
865 2390 1028 2457 indicaret
1041 2390 1165 2456 nullam

182 2495 403 2559 calamitatem
426 2495 534 2560 socios
559 2497 680 2580 optime
703 2495 744 2559 de
766 2493 936 2580 republica
951 2495 1089 2560 meritos
1110 2516 1165 2559 ac·

159 2599 307 2683 ccipere,
336 2597 498 2680 legionem
527 2621 568 2663 ex
591 2597 736 2664 hibernis
765 2607 884 2664 evocat
915 2620 1029 2663 rursus
1065 2596 1164 2665 unde

181 2702 310 2783 cimam,
333 2699 460 2767 litteras
483 2711 593 2767 autem
616 2701 659 2767 ad
682 2700 804 2767 Gaium
826 2699 968 2767 Fabium
989 2701 1100 2781 mittit,
1131 2709 1166 2765 ut

180 2805 214 2868 in
236 2804 318 2870 fines
342 2802 556 2869 Suessionum
589 2804 735 2889 legiones
759 2804 859 2884 duas,
894 2825 977 2890 quas
1009 2802 1165 2885 habebat,

182 2907 375 2992 adduceret,
412 2907 612 2995 alteramque
646 2931 688 2973 ex
712 2907 840 2974 duabus
871 2908 913 2974 ab
936 2905 1090 2974 Labieno
1119 2930 1166 2973 ar

159 3013 291 3076 acessit.
315 3010 377 3094 Ita,
402 3021 561 3097 quantum
584 3012 795 3078 hibernorum
818 3011 1053 3099 opportunitas
1075 3009 1165 3077 belli·

182 3137 244 3198 que
266 3117 351 3178 ratio
375 3114 575 3200 postulabat,
599 3124 758 3200 perpetuo
783 3136 842 3181 suo
866 3114 981 3179 labore
1002 3114 1038 3179 in
1061 3116 1165 3181 vicem

181 3216 367 3301 legionibus
390 3217 639 3302 expeditionum
659 3240 741 3284 onus
763 3217 967 3303 iniungebat.

269 3320 298 3383 7.
321 3321 383 3386 His
418 3323 522 3405 copiis
555 3323 681 3387 coactis
716 3319 759 3386 ad
787 3321 986 3387 Bellovacos
1018 3322 1165 3408 proficis·
1207 3390 1209 3397 ,

183 3427 267 3489 citur
300 3424 482 3510 castrisque
514 3425 549 3488 in
581 3447 694 3491 eorum
721 3424 843 3490 finibus
872 3424 991 3511 positis
1020 3428 1165 3513 equitum
1199 3426 1209 3515 ,ἶ

182 3536 306 3592 turmas
341 3527 474 3592 dimittit
506 3528 541 3592 in
576 3549 688 3595 omnes
712 3536 825 3616 partes
847 3527 892 3593 ad
920 3526 1051 3614 aliquos
1079 3530 1165 3597 exci-

1189 3766 1204 3973 l
