2430 4028
372 259 482 310 arnan
500 262 532 324 v,
552 259 628 310 car.
647 261 723 311 a-u.
977 259 1036 321 107

55 452 212 535 quoniam
236 453 363 516 civitati
386 451 556 516 consulere
579 474 645 517 non
668 458 813 536 possent,
839 448 972 526 veritus,
998 471 1039 512 ne

59 553 103 618 ab
134 553 285 619 omnibus
314 554 532 637 desereretur,
561 555 805 620 Indutiomarus
835 552 963 637 legatos
994 552 1037 616 ad

55 656 232 722 Caesarem
266 650 384 723 mittit:
424 681 495 724 sese
528 659 652 723 idcirco
687 657 729 722 ab
767 659 832 722 suis
868 655 1060 721 discederes

54 772 154 846 atque
177 762 220 826 ad
243 785 317 827 eum
331 765 442 828 venire
460 761 615 844 noluisse,
635 785 699 847 quo
724 761 853 825 facilius
871 761 1038 824 civitatem

57 867 90 928 in
117 865 226 931 officio
256 867 451 947 contineret,
488 888 530 931 ne
555 867 659 930 omnis
685 863 865 929 nobilitatis
889 863 1039 927 discessu

55 967 150 1053 plebs
179 978 313 1054 propter
339 969 593 1054 imprudentiam
622 968 801 1048 laberetur3
834 970 943 1052 itaque
968 989 1061 1031 esser

55 1073 224 1137 civitatem
247 1075 280 1137 in
304 1096 365 1138 sua
387 1082 569 1159 potestate,
602 1074 800 1156 seseque,si
825 1069 948 1136 Caesar
970 1091 1040 1155 per-

55 1178 215 1258 mitteret,
247 1177 290 1242 ad
318 1182 448 1243 eumin
478 1188 587 1242 eastra
610 1185 794 1255 venturum,
827 1197 904 1240 suas
928 1177 1040 1240 civita·

56 1282 163 1365 tisque
187 1280 335 1345 fortunas
359 1285 428 1346 eius
450 1282 528 1346 fidei
552 1283 795 1365 permissurum.

142 1384 172 1445 4.
198 1381 341 1469 Caesar,
372 1388 433 1451 etsi
455 1384 683 1469 intellegebat,
717 1383 845 1469 quade
875 1406 977 1447 causa
1000 1405 1041 1446 ea

56 1487 257 1567 dicerentur,
288 1513 438 1576 quaeque
469 1513 543 1556 eum
573 1512 626 1555 res
657 1488 698 1553 ab
723 1489 871 1553 instituto
902 1485 1039 1550 consilio

56 1591 252 1675 deterreret,
284 1602 409 1676 tamen,
444 1617 485 1658 ne
509 1601 668 1660 aestatem
691 1593 725 1657 in
748 1592 899 1657 Treveris
924 1611 1040 1654 oonsu-

56 1717 146 1760 mere
181 1705 354 1779 cogeretur
388 1695 539 1762 omnibus
575 1696 616 1760 ad
651 1697 879 1760 Britannicum
916 1691 1039 1757 bellum

59 1797 161 1862 rebus
184 1804 395 1884 comparatis,
415 1801 674 1865 indutiomarum
697 1800 740 1864 ad
764 1822 799 1863 se
822 1820 896 1862 cum
921 1813 962 1861 co
986 1796 1041 1860 ob·

58 1900 186 1965 sidibns
208 1904 319 1966 venire
342 1905 446 1968 iussit.
485 1905 547 1969 His
572 1903 735 1984 adductis,
758 1905 791 1966 iu
814 1904 854 1966 iis
878 1899 944 1965 filio
968 1922 1064 1985 pro-a

56 2006 255 2090 pinquisque
287 2007 355 2071 eius
386 2005 552 2081 omnibus,
589 2029 670 2091 qnos
702 2006 895 2069 nominatim
925 2023 1042 2066 evoca·

58 2118 164 2187 verat,
189 2107 377 2173 consolatus
393 2109 656 2175 Indutiomarum
677 2108 892 2193 hortatusque
916 2116 977 2184 est,
993 2107 1040 2169 uti

57 2211 92 2274 in
118 2212 227 2276 officio
252 2220 413 2295 maneret,
443 2211 543 2277 nihilo
575 2222 686 2277 tamen
709 2215 815 2277 secius
839 2209 1064 2297 principibus³

57 2315 279 2380 Treverorum
303 2316 346 2380 ad
369 2339 403 2381 se
426 2319 619 2382 convocatis
636 2317 696 2381 hos
721 2316 909 2400 singillatim
926 2313 1043 2398 Cinge-

56 2419 157 2502 torigi
180 2418 388 2503 conciliavit,
418 2420 604 2505 quodcum
626 2423 741 2486 merito
766 2422 835 2484 eius
866 2443 886 2483 a
916 2442 950 2483 se
972 2419 1044 2482 fieri

56 2520 285 2605 intellegebat,
318 2531 387 2587 tum
410 2526 521 2607 magni
543 2524 699 2588 iuteresse
729 2522 952 2588 arbitrabatur
975 2523 1043 2586 eius

58 2625 290 2689 auctoritatem
308 2626 393 2690 inter
417 2648 493 2691 suos
511 2625 800 2712 quamplurimum
815 2625 934 2707 valere,
951 2624 1043 2688 ouius

56 2738 125 2791 tam
143 2729 309 2811 egregiam
332 2729 365 2793 in
390 2752 424 2793 se
440 2729 643 2796 voluntatem
659 2731 892 2815 perspexisset.
917 2727 954 2791 ld
970 2728 1066 2792 tulit4

56 2830 187 2895 factum
210 2832 355 2914 graviter
377 2830 638 2913 Indutiomarus,
673 2853 767 2896 suam
797 2834 938 2915 gratiam
960 2833 1045 2894 inter

57 2956 136 2999 suos
160 2936 272 3018 minui,
297 2945 339 3017 et,
365 2937 418 3021 qui
442 2937 508 3001 iam
531 2945 608 3001 ante
630 2937 762 3000 inimico
793 2938 826 2999 in
850 2957 909 2998 nos
934 2934 1042 2997 animo

57 3039 185 3120 fuisset,
209 3037 311 3102 multo
335 3040 469 3122 gravius
491 3040 555 3104 hue
580 3039 692 3104 dolore
717 3042 851 3105 exarsit.

145 3140 176 3204 5.
202 3141 263 3204 His
278 3141 377 3205 rebus
394 3145 580 3208 constitutis
598 3141 722 3208 Caesar
738 3144 781 3208 ad
800 3154 930 3229 portum
947 3144 1044 3207 Itium
1088 3139 1094 3157 '

57 3267 134 3310 cum
157 3243 340 3328 legionibus
374 3249 539 3331 pervenit.
573 3245 623 3310 Ibi
654 3250 825 3331 cognoscit
853 3265 899 3310 Lx
930 3262 1066 3329 naves,2

57 3369 142 3434 qnae
176 3349 211 3411 in
234 3347 353 3412 Meldis
387 3348 495 3414 factae
530 3359 643 3432 erant,
680 3359 874 3436 tempestate
903 3351 1043 3414 reiectas

57 3473 191 3517 cursum
225 3459 335 3516 tenere
368 3473 435 3517 non
468 3455 615 3538 potuisse
649 3462 748 3539 atque
783 3454 918 3535 eodem,
956 3452 1044 3517 unde

57 3563 153 3620 erant
187 3554 377 3639 profectae,
415 3556 611 3639 revertisse,
649 3556 793 3642 reliquas
831 3565 964 3642 paratas
1001 3556 1045 3620 ad
