2430 4028
419 277 530 330 sinna
547 278 568 340 1,
589 277 666 328 cnr.
684 279 795 329 44-47.
1055 279 1097 346 35

116 469 210 534 Bello
235 480 403 556 superatos
428 493 500 536 esse
516 470 682 536 Arvernos
706 479 738 536 et
752 471 898 537 Rutenos
916 471 956 535 ab
975 470 1117 552 Quintus
1192 552 1193 557 ἵ

117 574 223 640 Fabio
246 575 404 651 Maximo,
429 574 546 659 quibus
569 576 709 662 populus
727 577 893 640 Romanus
917 578 1097 661 ignovisset

118 701 219 764 neque
253 682 284 745 in
319 682 524 765 provinciam
552 679 733 763 redegisset
759 702 865 765 neque
899 680 1096 766 stipendium

115 785 335 868 imposuisset.
361 782 458 863 Quod
474 786 501 849 si
518 784 779 868 antiquissimum
796 783 947 869 quodque
966 793 1118 870 tempusa

115 889 258 971 spectari
282 895 457 972 oporteret,
487 885 601 972 populi
624 888 764 952 Romani
787 888 1000 953 iustissimum
1024 911 1096 954 esse

113 995 147 1056 in
172 990 282 1056 Gallia
304 993 491 1077 imperium,
527 995 554 1057 si
583 992 740 1057 iudicium
770 1001 904 1056 senatus
928 991 1095 1057 observari

114 1105 292 1180 oporteret,
315 1094 451 1161 liberam
476 1094 594 1160 debere
618 1119 689 1161 esse
708 1096 862 1179 Galliam,
888 1118 985 1181 quarn
1008 1095 1095 1162 bello

113 1200 235 1263 victam
259 1202 325 1264 suis
348 1198 475 1282 legibus
499 1202 545 1264 uti
569 1199 736 1267 voluisset.

199 1300 250 1365 46.
274 1303 363 1367 Dum
391 1303 473 1367 haec
496 1304 530 1368 in
552 1301 718 1386 colloquio
754 1312 924 1386 geruntur,
960 1301 1095 1370 Caesari

112 1409 299 1472 nuntiatum
333 1417 382 1471 est
415 1408 541 1493 equites
576 1407 735 1472 Ariovisti
769 1411 902 1494 propius
936 1409 1095 1474 tumulum

112 1509 271 1575 accedere
295 1520 327 1575 et
350 1511 393 1575 ad
416 1520 546 1575 nostros
570 1510 777 1596 adequitare,
811 1510 941 1598 lapides
965 1513 1096 1598 telaque

110 1616 145 1679 in
176 1623 305 1680 nostros
336 1617 493 1680 conicere.
541 1614 666 1679 Cacsar
699 1615 855 1699 loquendi
884 1615 981 1680 finem
1015 1616 1117 1682 facita

112 1742 212 1805 seque
239 1719 282 1784 ad
306 1742 382 1784 suos
406 1722 529 1805 recepit
565 1722 697 1803 suisque
719 1722 909 1804 imperavit,
944 1721 1096 1806 nequod

111 1825 242 1888 omnino
277 1823 379 1888 telum
412 1827 445 1889 in
473 1824 584 1888 hostes
614 1824 782 1887 reicerent.
828 1822 913 1887 Nam
943 1826 1003 1888 etsi
1027 1827 1118 1889 sines

112 1927 180 1991 ullo
204 1927 349 2011 periculo
378 1928 516 2012 legionis
546 1927 692 1992 delectae
722 1948 795 1991 cum
827 1928 974 2011 equitatu
1003 1951 1094 2014 proe-

109 2031 189 2095 lium
222 2031 292 2096 fore
326 2031 474 2113 videbat,
505 2041 614 2095 tamen
645 2029 913 2096 committendum
943 2053 1010 2096 non
1039 2054 1096 2117 pu-

109 2136 212 2214 tabat,
237 2145 272 2200 ut
295 2135 397 2220 pulsis
419 2134 569 2201 hostibus
593 2135 657 2199 dici
679 2143 791 2219 posset
813 2156 869 2198 eos
899 2133 941 2199 ab
979 2158 1014 2200 se
1037 2158 1096 2221 per

108 2240 209 2304 fidem
242 2242 276 2304 in
305 2239 469 2324 colloquio
498 2242 752 2304 circumventos.
805 2238 1027 2325 Posteaquam
1061 2244 1119 2305 ins

108 2343 228 2426 vulgus
251 2343 391 2408 militum
415 2342 537 2408 elatum
560 2353 620 2423 est,
645 2365 710 2428 qua
727 2343 918 2425 arrogantia
941 2340 974 2407 in
994 2343 1096 2410 collo·

108 2449 186 2532 quio
217 2445 402 2511 Ariovistus
433 2468 511 2512 usus
546 2449 634 2511 omni
665 2445 777 2512 Gallia
807 2447 963 2512 Romanis
998 2451 1095 2514 inter-

108 2552 258 2634 dixisset,
282 2554 504 2636 impetumque
532 2551 566 2615 in
589 2559 719 2616 nostros
748 2554 817 2616 eius
853 2555 979 2638 equites
1002 2555 1096 2620 fecis·

109 2666 192 2736 sent,
229 2678 333 2741 eaque
366 2678 418 2721 res
453 2655 653 2740 colloquium
687 2665 722 2720 ut
756 2656 956 2740 diremisset,
991 2658 1094 2724 multo

106 2761 214 2824 maior
247 2758 401 2823 alacritas
432 2758 642 2842 studiumque
670 2760 842 2845 pugnandi
872 2763 978 2827 maius
1002 2785 1093 2827 exer-

106 2865 188 2928 citui
213 2864 368 2927 iniectum
392 2871 452 2927 est.

193 2965 246 3027 47.
270 2964 378 3029 Biduo
402 2973 478 3049 post
494 2965 682 3030 Ariovistus
705 2966 748 3031 ad
765 2965 942 3034 Caesarem
965 2969 1095 3053 legatos

105 3075 225 3137 mittit:
258 3069 342 3134 velle
373 3092 407 3133 se
442 3069 482 3133 de
512 3069 562 3134 his
590 3069 697 3148 rebus,
729 3092 813 3154 quae
842 3074 925 3137 inter
955 3095 1011 3138 eos
1041 3077 1096 3158 agi

106 3183 247 3259 coeptae
271 3195 376 3259 neque
399 3174 564 3258 perfectae
588 3184 708 3257 essent,
744 3195 844 3257 agere
868 3197 942 3239 curn
966 3199 1020 3259 eo,
1046 3181 1094 3242 uti

106 3287 165 3342 aut
193 3279 310 3341 iterum
339 3276 506 3362 colloquio
538 3278 623 3342 diem
653 3280 866 3344 constitueret
895 3287 967 3357 aut,
1004 3280 1030 3344 si
1061 3281 1096 3345 id

104 3381 214 3445 minus
231 3380 341 3463 vellet,
367 3403 385 3444 e
408 3383 475 3446 suis
499 3382 646 3465 legatum
663 3382 805 3467 aliquem
829 3381 872 3447 ad
889 3405 923 3448 se
939 3384 1093 3449 mitteret.
1177 3388 1211 3430 s

103 3481 325 3567 Colloquendi
341 3482 476 3550 Caesari
493 3507 595 3550 causa
617 3486 690 3551 visa
706 3508 770 3550 non
794 3494 853 3566 est,
871 3495 903 3550 et
918 3509 957 3551 eo
976 3491 1117 3572 magist

103 3586 193 3675 quod
217 3587 322 3670 pridie
344 3591 413 3654 eius
438 3588 501 3654 diei
517 3587 672 3655 Germani
697 3592 825 3655 retineri
842 3612 910 3655 non
927 3601 1093 3676 poterant,

896 3709 935 3760 3*
