2430 4028
416 227 527 276 ornan
546 227 590 290 vr,
612 227 688 278 cnr.
709 229 783 278 1-2.
1032 227 1093 291 143

104 416 290 484 Antistium
305 417 476 502 Reginum,
492 418 603 482 Titum
619 418 768 484 Sextium
783 417 912 501 legatos
929 417 1093 484 delectum

104 522 232 588 habere
260 522 419 604 instituit,
449 521 545 586 simul
575 520 617 586 ab
642 519 736 586 Gneo
766 522 924 607 Pompeio
954 543 1117 608 procoms

106 626 180 692 sule
208 627 305 711 petit,
341 627 495 710 quoniam
523 625 595 710 ipse
625 624 669 689 ad
702 625 818 691 urbem
846 646 921 692 cum
955 627 1093 710 imperio

104 732 154 795 rei
184 728 337 815 publicae
371 751 474 794 causa
502 737 700 805 remaneret,
736 751 817 814 quos
851 752 894 793 ex
924 726 1094 813 Cisalpina

107 833 220 898 Gallia
253 832 398 898 consulis
433 840 640 897 sacramento
674 834 883 917 rogavisset,
921 832 964 897 ad
999 834 1094 915 signa

105 936 285 1001 convenire
319 944 352 1000 et
380 935 424 1000 ad
447 958 482 1000 se
505 935 671 1020 proficisci
693 934 829 1018 iuberet,
861 935 972 1019 magni
997 937 1117 1001 inter-s

104 1063 180 1106 esse
197 1040 295 1104 etiam
317 1040 352 1103 in
375 1038 535 1125 reliquum
551 1047 679 1123 tempus
695 1039 739 1102 ad
757 1040 944 1124 opinionem
961 1036 1094 1104 Galliae

105 1144 300 1209 existimans
333 1152 443 1207 tantas
475 1142 578 1207 videri
608 1142 723 1207 Italiae
759 1141 948 1225 facultates,
984 1152 1035 1223 ut,
1068 1145 1095 1207 si

105 1247 188 1332 quid
211 1254 298 1311 esset
319 1248 352 1310 in
376 1244 461 1310 bello
487 1246 671 1311 detrimenti
695 1255 881 1331 acceptum,
904 1269 973 1311 non
995 1247 1094 1312 modo

103 1351 139 1417 id
173 1349 267 1415 brevi
300 1360 447 1435 tempore
483 1353 646 1429 resarciri,
686 1351 744 1415 sed
780 1351 882 1416 etiam
917 1352 1095 1417 maioribus

105 1454 222 1538 augeri
252 1455 357 1539 copiis
383 1464 506 1539 posset.
552 1454 650 1535 Quod
679 1476 753 1519 cum
782 1454 959 1538 Pompeius
990 1463 1022 1518 et
1049 1455 1119 1519 reia

104 1557 263 1644 publicae
297 1567 329 1621 et
363 1557 526 1622 amicitiae
550 1557 737 1638 tribuisset,
772 1557 922 1622 celeriter
945 1558 1095 1623 confecto

103 1687 165 1750 per
199 1684 277 1728 suos
312 1660 440 1726 delectu
474 1660 578 1727 tribus
609 1670 686 1725 ante
710 1670 866 1726 exactam
895 1662 1035 1728 hiemem
1063 1682 1096 1736 et

104 1767 296 1832 constitutis
312 1774 345 1830 et
361 1765 512 1830 adductis
530 1764 715 1848 legionibus
730 1763 964 1850 duplicatoque
981 1788 1095 1831 earum

104 1871 292 1936 cohortium
314 1891 467 1951 numero,
498 1891 579 1954 quas
609 1890 683 1933 cum
708 1868 748 1949 Q.
771 1869 899 1933 Titurio
931 1871 1095 1949 amiserat,

103 1984 138 2038 et
160 1972 329 2038 celeritate
358 1981 390 2037 et
421 1973 526 2057 copiis
555 1971 685 2054 docuit,
720 1971 798 2055 quid
820 1971 934 2057 populi
956 1973 1095 2038 Romani

106 2074 285 2160 disciplina
308 2083 407 2160 atque
432 2097 512 2158 opes
535 2083 681 2158 possent.

196 2177 226 2241 2.
250 2179 427 2243 Interfecto
444 2176 679 2259 Indutiomaro,
697 2186 732 2242 ut
755 2177 938 2261 docuimuS,
963 2179 1007 2244 ad
1023 2183 1093 2247 eins

104 2282 312 2370 propinquos
335 2303 355 2345 a
377 2281 530 2345 Treveris
553 2281 725 2365 imperium
749 2280 904 2346 defertur.
947 2283 998 2348 Illi
1022 2285 1093 2350 fini-

103 2389 205 2452 timos
224 2383 410 2449 Germanos
428 2382 607 2448 sollicitare
623 2393 655 2447 et
672 2386 848 2466 pecuniam
863 2384 1011 2470 polliceri
1027 2411 1093 2454 non

104 2491 283 2556 desistunt.
307 2487 390 2554 Cum
413 2486 455 2552 ab
478 2488 640 2572 proximis
664 2489 840 2574 impetrare
863 2511 928 2553 non
949 2503 1117 2575 possenti

108 2593 462 2675 ulteriorestemptant.
477 2590 623 2656 Inventis
637 2590 802 2655 nonnullis
812 2593 1001 2659 civitatibus
1013 2597 1096 2660 iure-

107 2696 249 2763 iurando
265 2696 350 2759 inter
372 2718 407 2758 se
423 2693 620 2759 confirmant
643 2692 878 2780 obsidibusque
895 2695 935 2761 de
955 2702 1097 2782 pecunia

105 2808 244 2882 cavent,
267 2797 493 2882 Ambiorigem
516 2796 577 2862 sibi
594 2797 752 2862 societate
777 2806 809 2863 et
824 2799 958 2864 foedere
981 2802 1096 2867 adiun·

105 2913 198 2991 gunt.
229 2901 357 2983 Quibus
379 2900 477 2964 rebus
502 2900 643 2984 cognitis
667 2898 810 2979 Caesar,
845 2925 918 2967 eum
952 2905 1117 2990 undiques

104 3007 230 3074 bellum
245 3006 356 3092 parari
371 3003 507 3085 videret,
526 3003 677 3081 Nervios,
693 3003 888 3070 Aduatucos
904 3007 968 3090 [ac]
983 3009 1095 3074 Mena-

105 3114 182 3197 pios
211 3108 377 3174 adiunctis
400 3103 611 3172 Cisrhenanis
647 3106 798 3172 omnibus
823 3106 998 3177 Germanis
1021 3135 1094 3179 esse

105 3219 141 3282 in
164 3215 276 3297 armis,
294 3210 442 3277 Senones
466 3209 509 3274 ad
531 3212 731 3295 imperatum
755 3232 821 3275 non
837 3213 948 3276 venire
972 3225 1094 3282 etcum

106 3317 308 3385 Carnutibus
324 3318 535 3401 finitimisque
552 3318 740 3384 civitatibus
757 3317 897 3385 consilia
913 3322 1092 3385 eommuni-

106 3444 196 3501 care‚
219 3445 241 3487 a
255 3423 406 3488 Treveris
424 3421 608 3488 Germanos
624 3420 747 3486 crebris
764 3423 984 3506 legationibus
1004 3422 1091 3488 solli·

106 3527 212 3607 citari,
235 3528 395 3591 maturius
420 3525 482 3590 sibi
506 3524 545 3588 de
569 3524 655 3590 bello
679 3527 891 3609 cogitandum
909 3527 1048 3612 putavit.
