2430 4028
407 269 516 330 rrnnn
533 267 662 332 none.
685 269 793 320 14-18.
1024 269 1086 334 115

104 458 275 537 auderent,
300 459 408 526 minus
423 469 520 545 aptos
536 483 609 525 esse
626 459 669 525 ad
684 459 780 525 huius
796 462 923 544 generis
939 460 1084 541 hostem3

104 564 231 648 equites
253 570 362 627 autem
380 582 500 646 magno
523 585 597 628 cum
614 562 759 649 periculo
776 562 900 647 proelio
919 563 1110 644 dimicares
1176 600 1180 613 ‹

104 651 261 763 proptela
290 667 379 751 quod
406 666 453 731 illi
477 667 576 731 etiam
599 666 749 732 consulto
779 666 969 752 plerumque
993 667 1086 732 cede·
1203 657 1208 664 ’

103 778 180 834 rent
201 778 250 845 et,
281 791 356 835 cum
385 768 519 855 paulum
542 769 584 833 ab
613 768 798 854 legionibus
826 780 956 835 nostros
983 793 1087 836 remo·

103 873 241 957 vissent,
258 895 301 937 cx
316 874 441 938 essedis
458 873 625 938 desilirent
646 883 679 939 ct
699 870 838 958 pedibus
855 873 980 960 dispari
995 897 1086 959 proca

104 977 149 1040 lio
173 975 420 1042 contenderent.
467 978 636 1062 Equestris
665 987 775 1044 autern
804 979 919 1065 proelii
947 981 1030 1044 ratio
1055 987 1109 1044 cte

104 1079 299 1146 cedentibus
333 1078 401 1143 illis
435 1091 467 1144 et
499 1080 746 1167 insequentibus
780 1104 841 1168 par
874 1092 972 1170 atque
1000 1084 1088 1150 idem

104 1184 291 1270 periculum
312 1183 485 1251 inferebat.
530 1184 723 1251 Accedebat
745 1184 824 1264 huc,
854 1197 889 1251 nt
911 1208 1111 1271 numquamr

105 1289 257 1365 conferti,
282 1288 340 1353 sed
363 1289 429 1354 rari
445 1290 638 1374 magnisque
654 1289 835 1354 intervallis
852 1287 1089 1375 proeliarentur

107 1394 334 1478 stationesque
368 1393 546 1477 dispositas
580 1393 756 1473 haberent,
792 1402 890 1479 atque
920 1392 1001 1457 alios
1032 1392 1088 1457 alii

107 1494 266 1581 deinceps
297 1497 503 1582 exciperent,
533 1498 713 1580 integrique
737 1506 769 1561 ct
793 1505 940 1561 recentes
970 1496 1088 1563 defati-

108 1601 199 1682 gatis
223 1600 446 1665 succederent.

200 1702 248 1766 17.
271 1704 408 1769 Postero
433 1704 485 1769 die
508 1702 623 1788 procul
647 1726 666 1768 a
689 1704 806 1768 castris
830 1703 941 1769 hostes
964 1709 998 1771 in
1022 1706 1089 1771 col·

108 1805 197 1873 libus
228 1808 444 1873 constiterunt
480 1810 610 1893 rarique
646 1830 679 1872 se
716 1807 888 1872 ostendere
923 1818 955 1873 et
984 1809 1089 1876 lenius

111 1934 212 1998 qnam
232 1911 337 1996 pridie
359 1921 491 1978 nostros
507 1914 632 1998 equites
648 1911 771 1998 proelio
787 1911 949 1978 lacessere
973 1935 1090 2000 coepe-

110 2023 200 2080 runt.
223 2013 289 2079 Sed
305 2016 447 2097 meridie,
471 2037 546 2079 cum
563 2013 686 2080 Caesar
702 2014 882 2101 pabulandi
906 2038 1009 2081 causa
1025 2026 1113 2082 tresa

107 2118 256 2204 legiones
273 2127 371 2205 atquc
388 2141 516 2184 omnem
533 2122 712 2204 equitatum
732 2141 805 2183 cum
823 2118 908 2184 Gaio
925 2121 1090 2186 Trebonio

107 2222 220 2307 legato
250 2224 409 2306 misisset,
445 2233 580 2310 repente
610 2246 652 2288 ex
687 2222 839 2288 omnibus
869 2223 1019 2309 partibus
1049 2224 1092 2288 ad

109 2325 327 2413 pabulatores
350 2326 599 2400 advolaverunt,
624 2328 671 2391 sic
694 2328 742 2391 uti
765 2325 808 2391 ab
832 2329 934 2411 signis
956 2327 1093 2412 legioni·

109 2429 240 2516 busque
262 2451 328 2495 non
345 2430 550 2497 absisterent.
572 2430 685 2496 Nostri
709 2431 827 2495 acriter
841 2431 875 2494 in
893 2453 950 2496 eos
968 2432 1115 2518 impetur

109 2535 202 2600 facto
237 2534 426 2620 repulerunt
462 2555 568 2619 neque
605 2533 703 2598 finem
740 2534 898 2620 sequendi
935 2535 1091 2616 fecerunt,

110 2637 224 2725 quoad
240 2636 387 2702 subsidio
410 2638 526 2702 confisi
550 2637 686 2723 equites,
710 2645 877 2722 cumpost
895 2661 930 2702 sc
946 2637 1092 2722 legiones

109 2743 278 2824 viderent,
316 2744 514 2827 praecipites
552 2741 663 2806 hostes
710 2750 861 2824 egerunt,
908 2760 1116 2826 magnoquer

112 2868 228 2912 eorum
251 2867 385 2910 numero
402 2845 573 2910 interfecto
591 2867 696 2930 neque
720 2846 770 2959 sup
788 2843 963 2928 colligendi
987 2865 1093 2929 neque

111 2948 316 3015 consistendi
339 2957 396 3013 aut
418 2971 460 3013 ex
479 2947 603 3013 essedis
632 2945 801 3012 desiliendi
825 2946 1016 3012 facultatem
1040 2947 1094 3012 de·

111 3053 241 3119 derunt.
280 3053 333 3116 Ex
357 3052 419 3116 hac
443 3052 522 3134 fuga
544 3052 710 3138 protinus,
740 3072 824 3136 quae
851 3051 994 3136 undique
1018 3073 1116 3116 con-e

110 3164 281 3233 venerant,
306 3154 431 3220 auxilia
447 3154 677 3237 discesserunt,
702 3176 807 3239 neque
822 3163 899 3238 post
914 3154 948 3219 id
963 3163 1093 3238 tempus

112 3282 269 3346 umquam
303 3261 438 3324 summis
472 3257 645 3325 nobiscum
678 3259 783 3343 copiis
817 3256 928 3322 hostes
963 3267 1094 3322 conten·

116 3363 244 3429 derunt.

206 3465 258 3531 18.
289 3465 413 3533 Caesar
441 3470 573 3551 cognito
604 3465 741 3533 consilio
772 3487 882 3531 eorum
911 3463 953 3528 ad
975 3463 1096 3528 flumen

115 3573 284 3638 Tamesim
321 3573 353 3635 in
387 3571 468 3637 fines
497 3569 736 3637 Cassivellauni
771 3568 951 3634 exercitum
985 3568 1095 3652 duxit3

904 3687 942 3739 8¹1·
