2430 4028
436 261 545 312 tisun
564 261 625 322 vn,
646 261 722 314 aar.
744 262 766 310 1.
1030 260 1089 323 171

139 464 205 514 pere
224 449 314 498 conati
326 463 426 512 magna
444 464 505 498 cum
524 448 601 497 clade
620 447 722 511 repulsi
741 452 804 496 sunt
823 463 844 496 o.
865 447 975 498 44-51,
994 447 1091 514 Itaque

140 535 243 585 Caesar
266 536 385 585 oratione
410 535 445 584 ad
463 535 564 584 milites
589 534 683 583 habita
707 534 874 583 obsidionem
894 532 975 582 solvit
1001 549 1024 585 c.
1050 534 1091 592 52,

136 622 180 681 53,
201 627 227 670 et
248 625 339 670 castra
356 621 384 669 in
397 620 506 671 Aeduos
525 625 615 669 movet
634 635 656 669 c.
676 620 792 685 54-56;
812 620 850 668 ibi
864 619 1024 682 Labienum,
1045 620 1092 684 qni

138 724 182 758 res
207 724 333 773 prospere
357 709 385 757 in
409 708 521 757 Parisiis
546 713 681 773 gesserat,
710 707 763 756 sibi
786 707 911 772 adiungit
937 723 958 759 c.
979 707 1089 762 57-62.

139 794 296 843 Aeduorum
310 794 460 858 exemplum
481 795 579 843 imitati
597 809 689 843 omnes
709 794 764 844 fere
779 791 852 842 Galli
867 791 1007 854 deficiunt3
1025 794 1090 842 Ver-

140 881 337 946 cingetorigem
354 897 486 930 summum
501 880 595 929 ducem
610 880 789 938 constituunt;
803 884 831 929 at
844 880 989 929 vincuntur
1002 881 1091 930 aCae-

140 983 202 1017 sare
222 983 244 1016 c.
266 968 374 1016 62-67.
406 967 609 1032 Vercingetorix
628 967 746 1016 Alesiam
766 983 794 1016 se
814 966 915 1016 confert
934 982 1093 1031 omnemque

139 1052 259 1102 Galliam
284 1054 319 1103 ad
336 1053 439 1102 bellum
464 1057 559 1102 evocat
584 1069 605 1102 c.
626 1054 736 1102 68-71.
772 1052 851 1101 Hanc
875 1052 967 1101 urbem
994 1053 1094 1102 Caesar

139 1138 343 1201 circumvallat3
365 1138 432 1188 alias
453 1139 617 1190 munitiones
637 1137 906 1205 contrajexteriorem
925 1137 1028 1187 hostem
1049 1155 1091 1187 ex-

141 1226 222 1274 struit
236 1241 257 1274 e.
269 1226 377 1275 72-74.
398 1224 472 1274 Galli
491 1225 578 1275 socios
597 1225 736 1274 obsidione
754 1225 871 1275 liberare
885 1224 982 1287 conati,
994 1239 1093 1289 magno

141 1311 303 1361 detrimento
327 1310 495 1375 repelluntur
523 1327 544 1363 c.
570 1310 679 1360 'lb—88.
716 1309 809 1361 Alesia
839 1315 865 1361 et
888 1309 1093 1375 Vercingetorix

139 1397 277 1446 deduntur
296 1413 317 1448 c.
331 1397 377 1462 893
396 1396 506 1457 Aeduis,
520 1397 648 1447 Arvernis
666 1397 731 1445 item
749 1397 777 1445 in
791 1395 953 1446 deditionem
973 1399 1092 1461 acceptis

144 1484 249 1533 Caesar
266 1483 390 1548 legiones
408 1485 436 1532 in
455 1484 570 1533 hiberna
589 1484 726 1534 distribuit
745 1499 768 1532 c.
786 1484 827 1533 90.

194 1689 225 1754 1.
254 1688 374 1770 Quieta
410 1689 520 1755 Gallia
550 1689 693 1772 (laesar,
728 1699 763 1754 ut
792 1691 1021 1772 constituerat,
1057 1694 1089 1756 in

104 1791 239 1863 ltaliam
262 1793 305 1857 ad
328 1804 507 1859 conventus
533 1794 678 1879 agendos
703 1795 929 1879 proficiscitur.
961 1792 1012 1859 Ibi
1036 1815 1091 1858 oo·

107 1898 242 1983 gnoscit
266 1897 305 1962 de
323 1896 430 1963 Clodii
449 1899 551 1963 caede
567 1897 604 1960 de
628 1907 825 1983 senatusque
849 1897 1000 1962 consulto
1025 1919 1091 1962 oer-

110 2003 177 2065 tior
200 2000 324 2084 factus,
360 2011 396 2066 ut
419 2024 531 2066 ornnes
554 2003 695 2067 iuniores
726 2000 841 2066 Italiae
872 2002 1089 2078 coniurarent,

105 2104 272 2170 delectum
294 2108 551 2191 tota'provinoia
571 2103 691 2169 habere
714 2106 863 2170 instituit.
888 2104 958 2168 Eae
981 2127 1032 2168 res
1056 2108 1111 2170 ina

108 2207 256 2274 Galliam
272 2208 524 2294 Transalpinam
548 2207 697 2272 celeriter
713 2208 928 2291 perferuntur,
953 2206 1089 2272 Addunt

104 2313 167 2398 ipsi
192 2321 226 2377 et
249 2311 411 2396 affingunt
432 2309 617 2376 rumoribus
643 2310 741 2393 Galli,
765 2309 853 2396 quod
875 2331 928 2374 res
952 2332 1089 2396 poscere

105 2413 292 2498 videbatur,
314 2417 445 2479 retineri
469 2413 595 2478 urbano
620 2423 710 2477 motu
729 2412 904 2478 Caesarem
927 2436 1032 2498 neque
1055 2416 1088 2478 in

104 2521 208 2582 tantis
244 2516 503 2582 dissensionibus
538 2516 581 2580 ad
619 2517 799 2581 exercitum
835 2517 945 2580 venire
980 2539 1088 2601 posse.

106 2621 182 2685 Hac
206 2619 338 2704 impulsi
361 2621 545 2698 occasione,
570 2622 625 2704 qui
647 2621 712 2684 iam
737 2629 813 2684 ante
838 2641 871 2683 se
896 2619 1007 2706 populi
1026 2620 1110 2683 lio-s

105 2724 195 2788 mani
234 2724 369 2807 imperio
411 2723 575 2788 subiectos
617 2723 785 2806 dolerent,
824 2723 956 2788 liberius
992 2731 1088 2809 atque

105 2827 267 2892 audacius
291 2826 331 2890 de
355 2824 441 2891 bello
466 2826 603 2892 consilia
632 2829 714 2892 inire
737 2829 907 2912 incipiunt.
952 2826 1111 2891 Indictisr

104 2933 190 3001 inter
214 2954 249 2995 se
278 2932 443 3018 principes
474 2929 604 2995 Galliae
639 2929 786 2995 conciliis
815 2930 1019 2996 silvestribus
1049 2952 1088 2995 ac

103 3034 241 3115 remotis
275 3032 357 3097 locis
388 3042 567 3117 queruntur
595 3033 634 3098 de
663 3035 806 3099 Acconis
834 3043 957 3115 morte3
991 3056 1088 3120 posse

103 3137 192 3202 bunc
222 3157 336 3201 casum
364 3135 407 3202 ad
430 3137 521 3222 ipsos
544 3137 689 3202 recidere
718 3137 960 3219 demonstrant,
994 3140 1109 3202 mise-5

103 3251 222 3307 rantur
245 3261 452 3306 communem
469 3239 598 3305 Galliae
618 3243 798 3324 fortunam3
823 3240 972 3306 omnibus
996 3241 1087 3327 polli-

104 3341 317 3423 citationibus
342 3366 381 3408 ac
404 3346 557 3429 praemiis
575 3345 766 3432 deposcunt,
790 3348 845 3431 qui
861 3344 940 3410 belli
962 3346 1087 3410 initium

103 3448 231 3514 faciant
254 3456 286 3511 et
309 3448 359 3513 sui
375 3449 492 3534 eapitis
509 3447 653 3535 periculo
679 3447 822 3514 Galliam
844 3451 878 3512 in
901 3448 1086 3514 libertatem

104 3551 282 3619 vindicent.
307 3551 471 3635 Imprimis
495 3553 654 3617 rationem
672 3575 742 3618 esse
759 3550 945 3616 habendam
962 3552 1108 3630 dicante
