2430 4028
369 265 480 315 ursus
498 266 520 326 1,
546 264 623 315 cnr.
642 266 751 315 rr-u.
1007 268 1049 332 33

69 457 113 521 ad
137 457 316 523 amicitiam
339 456 453 542 populi
468 457 609 522 Romani
632 455 829 538 attulissent,
854 455 889 520 id
911 458 950 520 iis
970 457 1051 542 eripi

70 563 143 647 quis
175 564 246 647 pati
269 560 405 647 posset?
438 561 623 626 Postulavit
646 560 765 626 deinde
794 559 930 644 eadem,
966 582 1072 645 quaec

70 664 187 749 legatis
203 670 236 731 in
252 665 418 731 mandatis
435 664 581 747 dederat,
598 687 639 729 ne
656 674 712 730 aut
724 663 848 730 Aeduis
865 673 922 729 aut
939 687 1050 729 eorum

70 771 169 835 sociis
192 767 314 835 bellum
343 769 494 852 inferret3
520 767 650 834 obsides
678 767 847 850 redderet3
876 771 904 834 si
926 768 1051 834 nullam

66 883 197 957 partem
228 872 468 938 Germanorum
500 872 632 938 domum
662 875 829 938 remittere
851 882 981 957 posset,
1017 882 1051 939 at

65 1001 108 1042 ne
131 1000 214 1063 quos
240 977 380 1063 amplius
404 977 554 1043 Rhenum
576 981 717 1043 transire
740 987 919 1063 pateretur.

153 1080 205 1144 44.
241 1081 428 1147 Ariovistus
462 1082 506 1146 ad
543 1082 713 1168 postulata
747 1082 901 1148 Caesaris
941 1104 1051 1168 pauca

66 1185 258 1272 respondit,
298 1186 339 1250 de
374 1187 440 1249 suis
477 1186 654 1252 virtutibus
691 1186 792 1252 multa
829 1185 1050 1273 praedicavit:

66 1293 226 1356 transisse
261 1286 411 1353 Rhenum
446 1311 517 1354 sese
551 1313 616 1354 non
654 1312 714 1355 sua
743 1300 876 1376 sponte,
914 1289 972 1355 sed
999 1312 1072 1355 ror

65 1401 179 1477 gatum
215 1402 248 1457 et
283 1393 476 1457 arcessitum
507 1416 527 1457 a
555 1391 682 1468 Gallis3
722 1416 789 1458 non
827 1396 896 1459 sine
929 1415 1050 1478 magna

68 1521 126 1584 spe
142 1499 339 1582 magnisque
362 1497 517 1580 praemiis
541 1497 673 1561 domum
689 1500 956 1584 propinquosque
978 1496 1050 1563 reli·

66 1605 197 1687 quisse,
228 1600 322 1665 sedes
346 1598 468 1664 habere
492 1603 525 1664 in
550 1599 662 1666 Gallia
689 1601 730 1666 ab
757 1603 837 1688 ipsis
861 1623 1048 1682 concessas,

66 1705 199 1770 obsides
233 1708 378 1790 ipsorum
400 1703 581 1774 ,voluntate
615 1703 728 1788 datos,
764 1705 965 1789 stipendium
998 1725 1050 1767 oa·

65 1832 144 1894 pere
166 1811 236 1873 iure
258 1806 345 1888 belli,
378 1807 466 1892 quod
488 1810 630 1873 victores
653 1810 750 1873 victis
781 1810 947 1893 imponere
971 1831 1047 1874 oon·

65 1915 200 1980 suerint.
244 1912 320 1976 Non
350 1934 422 1977 sese
453 1911 575 1991 Gallis,
611 1913 668 1978 sed
693 1912 810 1978 Gallos
841 1913 902 1978 sibi
924 1912 1069 1981 bellums

64 2017 234 2099 intulisse3
260 2039 372 2082 omnes
397 2016 528 2082 Galliae
552 2019 703 2083 civitates
733 2019 834 2084 adse
858 2040 1048 2104 oppugnan-

65 2122 143 2187 dum
178 2123 307 2187 venisse
343 2143 381 2187 ac
416 2131 532 2186 contra
570 2145 605 2186 sc
639 2133 751 2188 castra
784 2122 956 2205 habuisse3
991 2144 1048 2186 eas

65 2248 178 2292 omnes
203 2227 316 2310 copias
341 2247 361 2289 8
385 2247 420 2289 88
442 2246 507 2289 uno
525 2225 649 2309 proelio
674 2226 787 2312 pulsas
812 2248 851 2292 ac
875 2234 1047 2310 superatas

63 2352 148 2396 esse.
194 2326 230 2393 Si
254 2331 371 2393 iterum
393 2331 536 2414 experiri
558 2329 670 2413 velint,
696 2353 731 2394 se
753 2333 871 2395 iterum
894 2338 1069 2415 paratum4

62 2456 137 2499 esse
161 2432 345 2514 decertare3
369 2433 397 2496 si
426 2453 509 2517 pace
531 2434 578 2496 uti
600 2432 717 2516 velint,
741 2435 889 2518 iniquum
912 2433 1045 2498 essedo

62 2535 228 2623 stipendio
244 2557 406 2617 recusare,
424 2534 512 2621 quod
536 2558 596 2600 sua
611 2537 783 2602 voluntate
799 2535 842 2601 ad
863 2535 899 2600 id
914 2546 1044 2622 tempus

61 2640 288 2729 pependerint.
313 2638 504 2704 Amicitiam
536 2641 650 2725 populi
683 2641 822 2705 Romani
857 2641 919 2705 sibi
950 2662 1066 2710 orna-5

59 2755 173 2811 mento
202 2754 234 2809 et
257 2742 439 2828 praesidio,
467 2765 533 2808 non
563 2744 757 2811 detrimento
788 2767 860 2809 csse
884 2752 1044 2830 oportere,

59 2849 162 2936 idque
186 2872 220 2915 se
244 2870 284 2913 88
307 2870 365 2932 spe
388 2848 520 2933 petisse.
546 2845 582 2912 Si
605 2871 663 2932 per
685 2849 844 2935 populum
859 2849 1045 2913 Romanum

61 2953 264 3041 stipendium
286 2952 471 3016 remittatur
493 2961 525 3016 et
549 2952 693 3018 dediticii
710 2951 954 3036 subtrahantur,
978 2974 1044 3017 non

58 3062 170 3124 minus
186 3056 324 3121 libenter
342 3078 414 3120 sese
429 3065 654 3121 recusaturum
674 3056 787 3142 populi
805 3057 944 3121 Romani
967 3057 1044 3121 ami-

59 3166 184 3238 citiam,
203 3183 301 3248 quam
324 3163 505 3246 appetierit.
530 3160 630 3242 Quod
652 3160 892 3226 multitudinem
909 3161 1066 3231 (terma-s

58 3288 176 3332 norum
210 3269 244 3330 in
280 3263 424 3329 Galliam
457 3265 625 3342 traducat,
659 3265 693 3330 id
722 3289 756 3330 se
786 3268 836 3330 sui
866 3265 1042 3342 muniendi,

58 3393 126 3436 non
162 3369 293 3436 Galliae
326 3371 571 3455 impugnandae
606 3392 706 3435 causa
735 3370 861 3434 facere:
898 3371 967 3434 eius
995 3373 1042 3435 rei

56 3475 281 3540 testimonium
304 3497 387 3558 esse,
412 3475 500 3561 quod
523 3477 585 3541 nisi
609 3486 747 3561 rogatus
771 3498 838 3541 non
861 3474 986 3539 venerit
1009 3483 1042 3538 et

59 3577 149 3664 quod
171 3576 293 3643 bellum
318 3601 383 3643 non
407 3579 561 3663 intulerit,
586 3580 643 3645 sed
666 3579 858 3644 defenderit.
885 3576 926 3641 Se
949 3579 1063 3660 priusr

110 3695 195 3736 casu,
210 3695 227 3736 1.
254 3695 273 3736 s.
291 3696 315 3734 8.
868 3700 885 3748 3
