2430 4028
397 247 508 295 uiunn
526 249 557 308 v,
577 245 655 296 ose.
672 247 784 299 ae-ar.
1025 246 1084 310 121

104 451 138 505 ct
168 440 310 522 Quintus
337 438 450 503 Iunius
484 460 527 503 ex
553 438 718 524 Hispania
749 437 899 523 quidam,
936 440 990 525 qui
1020 442 1086 505 iam

103 553 183 610 ante
206 544 310 608 missu
332 540 483 606 Caesaris
508 541 552 607 ad
574 540 799 626 Ambiorigem
827 544 989 607 ventitare
1013 565 1088 607 con-

105 655 234 730 suerat3
251 646 341 731 apud
353 668 435 731 quos
449 644 623 710 Ambiorix
639 645 682 709 ad
698 645 785 709 hunc
802 645 936 710 modum
956 645 1086 712 locutus

104 762 173 816 est:
205 773 277 815 sese
299 772 358 835 pro
383 749 536 814 Caesaris
555 751 586 813 in
612 771 646 812 se
669 747 837 814 beneficiis
860 749 1035 835 plurimum
1058 753 1110 815 eis

104 854 254 918 confiteri
279 851 407 922 debere.
432 850 520 937 quod
537 852 608 915 eius
626 873 725 936 opera
742 853 904 936 stipendio
928 853 1087 919 liberatus

104 969 202 1039 esset,
226 956 313 1043 quod
337 954 537 1036 Aduatucis,
560 954 707 1019 finitimis
731 957 814 1034 suis,
846 957 988 1041 pendere
1012 979 1087 1023 con-

105 1071 243 1144 suesset,
268 1059 421 1147 quodque
445 1062 475 1124 ei
499 1069 531 1123 et
553 1058 639 1124 filius
664 1068 695 1122 et
712 1059 824 1125 fratris
845 1060 932 1126 filius
949 1061 990 1126 ab
1007 1060 1088 1126 Cae·
1159 1051 1163 1058 ¹

105 1189 181 1232 sare
204 1167 332 1230 remissi
350 1173 471 1246 essent,
496 1186 578 1249 quos
594 1162 761 1229 Aduatuci
780 1164 931 1231 obsidum
952 1189 1087 1232 numero

103 1273 224 1336 missos
255 1268 344 1352 apud
373 1291 407 1332 se
438 1270 471 1332 in
501 1269 658 1333 servitute
685 1277 718 1331 et
741 1272 866 1334 catenis
889 1272 1087 1353 tenuissent,

103 1396 212 1460 neque
236 1373 286 1446 id,
312 1371 400 1456 quod
423 1371 538 1436 fecerit
562 1372 602 1436 de
626 1376 872 1458 oppugnatione
895 1383 1110 1449 castrorum‚s

105 1490 163 1544 ant
193 1477 313 1542 iudicio
345 1485 402 1541 aut
430 1475 599 1541 voluntate
629 1499 689 1541 sua
713 1478 845 1559 fecisse,
882 1476 941 1542 sed
970 1486 1089 1542 coactu

104 1582 268 1663 civitatis,
303 1602 428 1665 suaque
462 1602 534 1644 esse
568 1581 728 1645 eiusmodi
762 1583 917 1666 imperia,
954 1590 989 1645 ut
1023 1603 1088 1645 non

104 1689 215 1752 minus
237 1683 376 1748 haberet
397 1684 477 1748 iuris
501 1685 534 1748 in
558 1706 593 1747 se
616 1682 810 1761 multitudo,
839 1706 939 1770 quam
961 1686 1032 1770 ipse
1055 1686 1088 1747 in

108 1787 363 1854 multitudinem.
381 1785 515 1852 Civitati
527 1808 624 1872 porro
638 1787 724 1852 banc
736 1787 839 1854 fuisse
852 1788 929 1853 belli
942 1808 1112 1870 causam,4

108 1892 200 1979 qnod
223 1892 414 1975 repentinae
432 1889 603 1955 Gallorum
623 1893 838 1957 coniurationi
854 1894 1008 1957 resistere
1023 1914 1089 1955 non

105 1997 262 2083 potuerit.
308 1994 348 2059 Id
377 2016 412 2058 se
446 1993 545 2059 facile
573 2017 615 2058 ex
644 1994 826 2060 humilitate
860 2018 920 2059 sua
948 1994 1089 2081 probare

106 2121 223 2186 posse,
247 2098 338 2183 quod
360 2120 427 2163 non
451 2097 533 2162 adeo
558 2100 601 2163 sit
622 2100 790 2184 imperitus
813 2121 936 2181 rerum,
960 2107 1000 2162 ut
1023 2101 1089 2163 suis

106 2205 214 2289 copiis
243 2199 403 2286 populum
425 2201 609 2266 Romanum
639 2202 785 2288 superari
808 2225 906 2287 posse
934 2201 1088 2266 confidat.

106 2306 173 2373 Sed
212 2327 283 2372 esse
323 2303 455 2370 Galliae
494 2327 665 2369 commune
704 2306 895 2370 consilium:
938 2305 1112 2374 omnibnss

105 2409 255 2475 hibernis
285 2406 438 2473 Caesaris
474 2409 705 2495 oppugnandis
740 2409 827 2473 hunc
863 2433 934 2474 esse
966 2408 1090 2474 dictum

107 2512 206 2592 diem,
231 2533 363 2597 nequa
393 2511 479 2596 legio
509 2511 633 2577 alterae
656 2513 778 2594 legioni
807 2512 953 2578 subsidio
980 2515 1090 2578 venire

105 2622 232 2703 posset.
277 2615 353 2681 Non
375 2614 473 2681 facile
498 2615 614 2681 Gallos
643 2616 749 2681 Gallis
779 2640 903 2700 negare
932 2618 1113 2703 potuisse,o

101 2719 304 2804 praesertim
332 2740 408 2783 eum
439 2717 479 2782 de
502 2720 730 2805 recuperanda
753 2722 917 2785 communi
940 2720 1091 2784 libertate

106 2820 284 2888 consilium
316 2823 434 2887 initum
463 2822 640 2887 videretur.
687 2821 815 2901 Quibus
846 2823 1002 2908 quoniam
1031 2845 1112 2906 proi

106 2929 233 3013 pietate
257 2926 462 3009 satisfecerit,
486 2924 609 2991 habere
637 2947 724 2990 nunc
748 2929 966 2990 serationem
991 2925 1092 2989 officii

107 3053 166 3115 pro
191 3028 361 3093 beneficiis
379 3028 547 3096 Caesaris:
571 3052 713 3108 monere,
738 3052 832 3094 orare
848 3029 1009 3094 Titurium
1032 3052 1090 3114 pro

107 3133 264 3219 bospitio,
281 3142 317 3196 ut
336 3155 415 3197 suae
432 3155 472 3197 ac
489 3133 628 3197 militum
645 3133 743 3197 saluti
758 3131 918 3197 consulat.
936 3131 1113 3217 Magnams

108 3258 244 3301 manum
261 3234 503 3301 Germanorum
525 3237 724 3301 conductam
745 3236 895 3300 Rhenum
917 3237 1090 3317 transisse,

112 3340 201 3404 hanc
226 3339 327 3403 affore
351 3339 461 3404 biduo.
508 3340 658 3425 Ipsorum
687 3362 758 3404 esse
782 3338 924 3420 consilii,
948 3340 1112 3406 velintneo

108 3445 218 3528 prius,
249 3463 349 3527 quam
371 3442 502 3508 finitimi
526 3446 683 3524 sentiant,
713 3443 849 3507 eductos
880 3464 923 3506 ex
945 3443 1090 3508 hibernis

108 3546 231 3611 milites
260 3556 316 3610 aut
345 3545 388 3610 ad
412 3544 605 3612 Ciceronem
635 3557 693 3610 aut
716 3545 759 3610 ad
783 3545 965 3611 Labienum
990 3545 1089 3611 dedu-
