2430 4028
423 292 571 353 arnust,
592 291 667 342 oAP.
687 292 763 344 a-r.
1060 289 1081 354 5

102 481 366 565 proficiscantur,
401 484 583 570 Boiosque,
614 484 668 569 qui
699 490 790 548 trans
817 483 966 548 Rhenum
991 482 1081 545 inco-

103 584 230 649 luerant
252 595 284 650 et
301 587 335 650 in
352 609 465 671 agrum
478 586 634 651 Noricum
651 586 850 652 transierant
861 585 1080 668 Noreiamque
1164 646 1166 649 ,

103 699 342 774 oppugnarent,
365 698 517 774 receptos
540 689 584 755 ad
607 713 641 754 se
666 691 774 754 socios
799 688 862 754 sibi
878 689 1079 755 adsciscunt.

189 791 219 856 6.
242 793 348 857 Erant
372 794 502 857 omnino
525 793 642 857 itinera
666 793 741 870 duo,
772 793 889 878 quibus
912 790 1082 857 itineribus

103 895 201 960 domo
226 898 316 961 exire
333 907 483 982 possent:
508 919 608 962 unum
627 918 684 980 per
701 894 883 981 Sequanos,
907 907 1083 981 angustum

103 1009 136 1065 et
158 998 309 1081 difficile,
339 1000 422 1064 inter
445 1009 588 1065 montem
609 1000 720 1064 Iuram
752 1009 785 1067 et
809 1000 930 1064 flumen
953 999 1084 1063 Rhoda·

101 1125 191 1184 num,
214 1104 272 1166 vix
289 1124 354 1186 qua
378 1103 496 1187 singuli
519 1103 604 1167 carri
622 1102 832 1186 ducerentur3
856 1125 949 1168 mons
972 1112 1084 1167 autem

102 1205 281 1270 altissimus
304 1205 527 1290 impendebat,
550 1215 586 1270 ut
607 1205 706 1271 facile
730 1209 885 1292 perpauci
910 1203 1085 1290 prohibere

104 1318 256 1394 possent:
290 1308 429 1374 alterum
459 1331 517 1395 per
552 1311 754 1395 provinciam
789 1319 945 1390 nostram,
981 1307 1107 1373 multos

103 1412 233 1477 facilius
257 1420 355 1497 atque
379 1413 576 1498 expeditius,
597 1422 772 1498 propterea
788 1412 877 1499 quod
898 1414 983 1477 inter
1004 1411 1086 1475 fines

106 1514 334 1580 Helvetiorum
357 1525 389 1579 et
406 1515 631 1600 Allobrogum,
656 1519 711 1601 qui
729 1539 832 1602 nuper
848 1516 958 1600 pacati
981 1524 1084 1599 erant,

104 1618 287 1683 Rhodanus
309 1618 381 1684 fluit
402 1621 495 1706 isque
518 1619 683 1685 nonnullis
707 1620 789 1684 locis
809 1619 895 1685 vado
919 1620 1085 1684 transitur.

105 1723 300 1787 Extremum
330 1723 485 1807 oppidum
514 1721 731 1806 Allobrogum
760 1733 811 1788 est
838 1725 1108 1808 proximumque3

107 1825 334 1890 Helvetiorum
362 1825 482 1891 finibus
507 1825 654 1891 Genava.
701 1827 754 1891 Ex
783 1849 821 1892 eo
852 1826 974 1912 oppido
1004 1849 1087 1912 pons

106 1929 150 1994 ad
181 1928 352 1993 Helvetios
381 1932 530 2014 pertinet.
576 1929 811 2014 Allobrogibus
840 1953 912 1994 sese
944 1929 995 1994 vel
1018 1951 1089 2013 per-

107 2055 279 2107 suasuros,
315 2032 404 2117 quod
433 2031 576 2098 nondum
605 2032 691 2098 bono
723 2035 832 2098 animo
862 2035 897 2098 in
930 2032 1089 2119 populum

105 2135 292 2200 Romanum
324 2137 530 2219 viderentur,
565 2136 815 2221 existimabant,
850 2137 904 2202 vel
933 2139 966 2201 vi
996 2159 1089 2202 coac·

106 2249 210 2322 turos,
234 2249 270 2304 ut
286 2262 343 2325 per
367 2262 443 2305 suos
459 2241 540 2305 fines
563 2263 620 2306 eos
643 2244 688 2306 ire
704 2251 904 2326 paterentur,
928 2241 1112 2306 Omnibusr

105 2343 206 2409 rebus
230 2342 273 2407 ad
295 2345 530 2428 profectionem
554 2346 756 2430 comparatis
781 2346 867 2410 diem
883 2345 1005 2428 dicunt,
1026 2368 1090 2430 qua

107 2447 161 2511 die
178 2447 220 2511 ad
236 2448 342 2531 ripam
355 2447 506 2513 Rhodani
522 2470 633 2514 omnes
650 2449 858 2514 conveniant.
882 2450 915 2513 Is
932 2449 1003 2513 dies
1019 2459 1091 2512 erat

107 2572 139 2613 a.
158 2548 189 2613 d.
207 2549 238 2613 V
260 2548 334 2613 Kal.
353 2549 433 2635 Apr.
456 2551 496 2616 L.
511 2552 640 2632 Pisone,
664 2550 704 2615 A.
722 2550 865 2616 Gabinio
890 2550 1090 2616 consulibus.

197 2653 226 2717 7.
256 2653 392 2719 Caesari
420 2676 494 2719 cum
529 2655 563 2719 id
596 2656 781 2719 nuntiatum
810 2663 906 2729 esset,
941 2676 998 2718 eos
1034 2672 1099 2738 pert

107 2757 313 2842 provinciam
335 2766 481 2822 nostram
504 2759 565 2822 iter
588 2759 697 2822 facere
720 2759 848 2834 conari,
881 2766 1025 2821 maturat
1048 2754 1090 2821 ab

106 2861 189 2926 urbe
218 2861 381 2946 proficisci
411 2871 443 2925 et
472 2884 571 2946 quam
600 2863 753 2926 maximis
784 2872 891 2945 potest
921 2858 1091 2924 itineribus

107 2968 143 3030 in
173 2956 316 3032 Galliam
350 2963 540 3029 ulteriorem
575 2966 744 3029 contendit
781 2973 814 3027 et
848 2963 890 3028 ad
920 2947 1091 3027 Genavam

108 3069 268 3155 pervenit.
309 3068 504 3133 Provinciae
538 3070 598 3132 toti
633 3091 731 3153 quam
766 3069 946 3131 maximum
984 3075 1114 3151 potesta

107 3172 248 3237 militum
270 3194 441 3235 numerum
464 3173 605 3256 imperat
637 3176 719 3252 (erat
754 3171 884 3235 omnino
918 3171 952 3233 in
982 3168 1093 3234 Gallia

109 3275 265 3340 ulteriore
288 3275 374 3358 legio
397 3276 488 3354 una),
514 3283 657 3357 pontem,
683 3274 827 3359 quierat
850 3272 892 3336 ad
910 3271 1093 3353 Genavam,

109 3377 202 3443 iubet
224 3377 376 3442 rescindi.
422 3378 489 3443 Ubi
514 3378 554 3442 de
586 3379 655 3442 eius
686 3377 830 3442 adventu
854 3375 995 3440 Helvetii
1026 3397 1115 3440 cer-s

108 3483 212 3547 tiores
229 3481 308 3546 facti
326 3490 410 3565 sunt,
431 3482 558 3566 legatos
574 3481 618 3545 ad
634 3503 707 3544 eum
723 3481 855 3544 mittunt
870 3478 1093 3543 nobilissimos

110 3585 271 3665 civitatis,
295 3586 388 3650 cuius
410 3584 584 3670 legationis
603 3584 793 3649 Nammeius
817 3594 850 3647 et
865 3582 1094 3648 Verucloetius
