2430 4028
134 256 193 319 136
434 257 483 304 DE
503 256 622 305 BELLO
642 256 799 306 GAlrlrlCO

129 455 166 508 ut
194 446 370 510 obstructis
398 448 432 508 in
462 446 605 530 speciem
640 447 743 530 portis
774 444 910 528 singulis
939 443 1109 509 ordinibus

129 551 324 635 caespitum,
342 547 428 634 quod
447 571 486 613 ea
502 571 570 614 non
586 569 686 633 posse
701 546 942 633 introrumpere
957 546 1111 612 videban-

127 661 191 735 tur,
214 650 271 716 alii
292 651 416 717 vallum
439 675 539 716 manu
562 649 722 734 scindere,
746 650 803 717 alii
818 652 927 717 fossas
943 650 1109 738 complere

105 757 320 841 sinciperent.
365 755 451 819 Tum
475 753 599 820 Caesar·
629 755 780 820 omnibus
811 756 915 841 portis
938 757 1110 839 eruptione

127 857 217 922 facta
242 860 453 943 equitatuque
477 860 598 923 emisso
622 856 772 923 celeriter
800 857 914 923 hostes
940 858 975 922 in
997 857 1110 944 fugam

128 961 195 1042 dat,
221 963 268 1025 sic
291 963 339 1026 uti
356 963 488 1026 omnino
506 962 674 1047 pugnandi
694 983 797 1028 causa
812 962 981 1027 resisteret
1002 985 1109 1037 nemo,

126 1086 345 1151 magnumque
376 1087 417 1129 ex
447 1067 493 1130 eis
524 1087 694 1130 numerum
725 1064 847 1132 occidit
874 1075 974 1152 atque
999 1088 1110 1132 omues

127 1171 228 1234 armis
251 1171 353 1234 exuit.

213 1270 264 1336 52.
287 1271 437 1357 Longius
453 1274 611 1359 prosequi
628 1274 764 1356 veritus,
787 1272 877 1358 quod
894 1271 998 1338 silvae
1021 1271 1108 1358 palu·

128 1376 251 1460 desque
265 1375 516 1442 intercedebant
526 1400 633 1464 nequa
645 1378 744 1442 etiam
761 1376 900 1462 parvulo
912 1375 1109 1441 detrimento

127 1479 256 1544 illorum
279 1480 388 1545 locum
412 1480 551 1566 relinqui
574 1480 728 1564 videbat,
753 1480 905 1546 omnibus
928 1481 999 1547 suis
1023 1481 1109 1545 ineo·

127 1581 269 1648 lumibus
298 1585 402 1668 copiis
432 1585 547 1649 eodem
577 1584 629 1650 die
664 1584 707 1649 ad
731 1583 924 1650 Ciceronem
951 1584 1108 1668 pervenit.

105 1687 298 1753 2lnstitutas
321 1696 443 1771 turrea,
474 1688 656 1754 testudines
679 1689 943 1774 munitionesque
965 1687 1108 1753 bostium

127 1791 326 1874 admiratur3
349 1790 478 1874 legione
494 1790 657 1876 producta
672 1793 843 1875 cognoscit
857 1813 924 1856 non
947 1789 1109 1856 decimum

104 1915 288 1978 aquamque
316 1915 390 1957 esse
419 1892 581 1979 reliquum
609 1893 746 1959 militem
782 1895 850 1959 sine
882 1894 1036 1960 vulnere:
1069 1916 1110 1958 ex

125 1994 176 2060 his
202 1994 353 2061 omnibus
376 1996 502 2063 iudicat
524 1997 622 2062 rebus
630 2048 638 2080 ,
663 2006 785 2083 quanto
809 2019 885 2062 cum
907 1998 1056 2083 periculo
1079 2007 1109 2063 et

102 2108 250 2186 equanta
273 2123 347 2164 cum
371 2102 491 2168 virtute
513 2125 566 2166 res
590 2104 655 2166 siut
682 2101 940 2166 administratae.
979 2099 1109 2168 Cicero·

124 2226 199 2268 nem
227 2227 286 2289 pro
316 2206 387 2270 eius
416 2207 531 2271 merito
561 2205 790 2291 legionemque
820 2205 1007 2289 collaudat3
1038 2227 1110 2272 oen-

125 2307 270 2374 turiones
305 2310 497 2394 singIllatim
532 2308 746 2396 tribunosque
781 2309 919 2375 militum
952 2308 1109 2396 appellat,

124 2434 261 2497 quorum
286 2415 452 2498 egregiam
476 2415 578 2479 fuisse
601 2415 755 2478 virtutem
778 2413 965 2478 testimonio
982 2411 1111 2478 Cicero

121 2519 172 2580 nis
189 2526 399 2600 cognoverat.
423 2517 474 2581 De
497 2539 578 2581 casu
591 2516 705 2582 Sabini
729 2525 763 2581 et
779 2514 897 2582 Cottae
921 2516 1046 2580 certius
1069 2533 1108 2580 ex

101 2620 265 2704 scaptivis
288 2622 470 2704 cognoscit.
493 2620 630 2685 Postero
647 2619 700 2684 die
723 2621 876 2685 contione
900 2617 1017 2685 habita
1039 2641 1107 2684 rem

123 2731 250 2805 gestam
280 2726 452 2810 proponit,
487 2723 607 2788 milites
638 2723 829 2788 consolatur
858 2731 892 2787 et
920 2721 1108 2787 coufirmat:

101 2825 213 2910 equod
237 2825 468 2891 detrimentum
491 2825 589 2909 culpa
607 2835 640 2890 et
662 2826 844 2890 temeritate
865 2823 968 2909 legati
991 2827 1035 2890 sit
1058 2845 1109 2889 ae·

123 2938 265 3014 ceptum,
288 2928 353 2993 hoc
377 2930 531 3015 aequiore
554 2929 663 2993 animo
687 2929 860 2994 ferundum
884 2928 991 3011 docet,
1020 2927 1108 3015 quod

123 3031 283 3096 beneficio
308 3031 443 3097 deorum
459 3031 692 3097 immortalium
715 3041 748 3097 et
770 3034 892 3097 virtute
914 3051 1031 3097 eorum
1053 3054 1108 3097 ex·

123 3135 213 3219 piato
238 3135 446 3200 incommodo
462 3157 570 3221 neque
584 3135 737 3201 hostibus
755 3134 881 3200 diutina
895 3134 1033 3201 laetatio
1055 3157 1108 3200 ne·

125 3259 187 3321 que
210 3238 291 3320 ipsis
313 3236 445 3320 longior
468 3236 565 3302 dolor
592 3237 807 3323 relinquatur.

209 3339 261 3404 53.
284 3339 421 3405 Interim
438 3338 481 3404 ad
500 3340 685 3405 Labienum
703 3362 761 3424 per
779 3341 900 3406 Remos
923 3338 1108 3406 incredibili

124 3443 294 3509 celeritate
323 3442 363 3508 de
393 3445 534 3508 victoria
564 3441 716 3508 Caesaris
744 3443 834 3507 fama
863 3441 1046 3528 perfertur,
1074 3451 1109 3508 ut

123 3569 197 3611 cum
229 3545 271 3612 ab
299 3545 444 3611 hibernis
468 3544 636 3611 Ciceronis
665 3545 759 3612 milia
786 3566 945 3632 passuum
972 3545 1108 3615 abesset
