2430 4028
390 254 500 304 nmen
518 256 577 319 vn,
597 253 673 306 cnr.
694 256 803 308 τ4-ττ,
1024 256 1088 322 219

192 444 244 511 76.
267 446 374 512 Huius
399 469 499 532 opera
521 446 676 530 Commii,
705 458 741 512 ut
764 457 862 513 antea
888 447 1088 513 demonstra·

104 552 222 634 vimus,
245 549 333 614 fideli
349 560 447 636 atque
463 551 535 615 utili
560 550 783 636 superioribus
799 551 893 615 annis
914 560 984 615 erat
1007 573 1086 617 usus

104 657 136 719 in
168 655 341 719 Britannia
371 653 510 736 Caesar3
542 654 658 739 quibus
686 653 740 719 ille
770 677 828 739 pro
857 655 979 720 meritis
1008 656 1086 719 civi-

103 765 206 820 tatem
238 758 307 821 eius
335 759 510 823 immunem
539 780 611 822 esse
640 759 794 837 iusserat,
829 759 901 822 iura
932 758 1087 844 legesque

103 859 295 924 reddiderat
323 869 421 945 atque
448 862 511 944 ipsi
535 860 682 924 Morinos
710 859 915 925 attribuerat.
962 862 1108 929 Tamenz

102 972 197 1028 tanta
223 964 393 1028 universae
411 961 540 1028 Galliae
564 964 736 1028 consensio
754 964 815 1028 fuit
832 964 994 1028 libertatis
1018 967 1086 1029 vin·

104 1067 267 1133 dicandae
295 1075 327 1131 et
349 1069 507 1151 pristinae
531 1065 608 1132 belli
632 1066 738 1131 laudis
762 1068 1022 1151 recuperandae,
1052 1078 1088 1132 ut

103 1194 213 1257 neque
236 1170 404 1235 beneficiis
428 1194 533 1257 neque
556 1174 719 1237 amicitiae
741 1174 898 1237 memoria
920 1196 1087 1238 moveren-

101 1285 165 1355 tur,
191 1296 368 1359 omnesque
392 1283 424 1338 et
447 1278 555 1340 animo
580 1286 612 1339 et
637 1275 754 1360 opibus
777 1278 811 1339 in
834 1275 868 1339 id
895 1276 1017 1341 bellum
1041 1279 1087 1340 in-

104 1376 309 1442 cumberent.
333 1377 467 1443 Coactis
491 1381 636 1465 equitum
652 1398 717 1443 vl11
732 1379 864 1445 milibus
889 1390 920 1444 et
943 1379 1108 1465 pedituma

103 1486 239 1549 circiter
255 1499 329 1562 cen,
347 1483 427 1547 haec
444 1486 475 1548 in
486 1484 674 1570 Aeduorum
689 1485 810 1549 finibus
825 1484 1088 1564 recensebantur,

103 1608 326 1672 numerusque
336 1587 491 1669 inibatur,
508 1591 665 1674 praefecti
683 1587 975 1654 constituebantur.
994 1585 1088 1652 Com·

101 1692 167 1756 mio
199 1689 367 1770 Atrebati,
396 1690 603 1755 Viridomaro
641 1700 673 1754 et
700 1690 918 1775 Eporedorigi
953 1690 1086 1763 Aeduis,

105 1792 416 1858 Vercassivellauno
447 1797 611 1868 Arverno,
648 1793 844 1859 consobrino
876 1795 1088 1878 Vercingeto-

102 1898 199 1981 rigis,
225 1918 352 1960 summa
381 1897 508 1982 imperii
532 1898 680 1961 traditur.
720 1898 781 1961 His
805 1897 922 1964 delecti
947 1920 989 1961 ex
1012 1899 1110 1963 civi-i

102 1999 228 2065 tatibus
245 1998 476 2082 attribuuntur,
501 2022 638 2084 quorum
655 2000 792 2065 oonsilio
809 2000 930 2065 bellum
949 2001 1088 2065 admini-

103 2111 277 2168 straretur.
295 2102 416 2168 Omnes
435 2103 560 2169 alacres
578 2115 609 2167 et
625 2104 766 2168 fiduciae
782 2104 869 2188 pleni
886 2104 928 2167 ad
942 2104 1109 2168 Alesiama

102 2207 373 2292 proficiscuntur,
403 2229 508 2292 neque
539 2218 609 2270 erat
638 2210 782 2272 omnium
810 2210 999 2293 quisquam,
1035 2210 1089 2294 qui

102 2319 276 2398 aspectum
305 2310 402 2374 modo
434 2319 545 2374 tantae
570 2310 785 2376 multitudinis
816 2313 967 2376 sustineri
991 2334 1089 2396 posse

103 2415 332 2495 arbitraretur,
367 2416 560 2498 praesertim
594 2416 732 2497 ancipiti
767 2414 909 2498 proelio,
945 2436 1019 2478 cum
1048 2437 1090 2478 ex

103 2517 228 2603 oppido
264 2517 434 2600 eruptione
468 2525 685 2600 pugnaretur,
720 2517 801 2581 foris
836 2525 947 2581 tantae
976 2519 1091 2602 copiae

102 2621 274 2707 equitatus
297 2619 529 2704 peditatusque
553 2628 770 2684 cernerentur.

191 2721 244 2786 77.
273 2722 318 2785 At
340 2721 373 2802 ii,
397 2725 451 2806 qui
476 2721 607 2787 Alesiae
639 2722 883 2798 obsidebantur,
914 2725 1091 2809 praeterita

102 2827 166 2909 die,
192 2848 257 2912 qua
281 2825 405 2891 auxilia
428 2847 561 2890 suorum
585 2836 870 2910 exspectaverant,
895 2837 1089 2912 consumpto

103 2933 193 2997 omni
227 2930 390 2994 frumento
426 2929 535 3010 inscii,
576 2929 654 3012 quid
688 2933 721 2993 in
756 2930 880 2994 Aeduis
915 2940 1091 3013 gereretur,

102 3033 246 3100 concilio
266 3040 383 3097 coacto
408 3032 448 3096 dc
472 3034 562 3097 exitu
587 3055 718 3097 suarum
742 3034 945 3098 fortunarum
964 3035 1089 3099 oonsul-

103 3136 234 3202 tabant.
260 3135 310 3199 Ac
335 3137 435 3201 variis
459 3136 554 3201 dictis
579 3137 756 3216 sententiis,
781 3160 916 3221 quarum
938 3160 1014 3221 pars
1039 3139 1110 3204 der

104 3241 274 3321 ditionem,
298 3261 394 3324 pars,
431 3239 507 3305 dum
531 3244 617 3307 vires
642 3250 862 3327 suppeterent,
887 3242 1091 3325 eruptionem

103 3343 272 3426 censebat,
289 3366 355 3408 non
371 3346 612 3429 praetereunda
635 3348 739 3410 oratio
761 3344 944 3428 Critognati
961 3344 1090 3407 videtur

102 3457 242 3535 propter
275 3449 345 3513 eius
376 3449 573 3532 singularem
603 3460 634 3512 et
662 3450 820 3514 nefariam
851 3447 1091 3513 crudelitatem.

103 3553 169 3617 Hic
194 3572 322 3616 summo
345 3552 379 3616 in
402 3552 558 3618 Arvernis
589 3561 677 3618 ortus
707 3552 779 3617 loco
804 3562 836 3616 et
863 3573 1003 3635 magnae
1032 3549 1114 3616 ha·r
