2430 4028
181 297 224 361 54
486 298 536 348 nn
556 297 675 349 senno
695 297 852 350 olomeo

159 489 367 555 adecueurrit
390 494 422 552 et
445 486 487 551 ad
510 485 672 571 legionem
689 485 851 552 decimam
874 486 1015 552 devenit.
1038 485 1166 552 Milites

181 615 247 657 non
284 590 432 676 longiore
460 591 609 655 oratione
632 588 839 673 cohortatus,
874 610 972 675 quam
1003 591 1053 656 uti
1087 614 1168 657 suae

182 698 340 780 pristinae
371 695 500 760 virtutis
529 693 721 758 memoriam
744 695 922 759 retinerent
949 715 1013 759 neu
1036 703 1167 781 pertur-

183 799 338 864 barentur
367 799 475 862 animo
498 796 708 883 hostiumque
731 797 890 882 impetum
917 797 1047 862 fortiter
1070 801 1167 866 susti-

160 912 307 984 snerent,
325 901 413 988 quod
434 923 500 965 non
523 901 654 985 longius
676 899 788 965 hostes
812 899 960 982 aberant,
978 922 1081 987 quam
1102 925 1166 989 quo

183 1005 282 1070 telum
301 1003 391 1088 adigi
406 1011 530 1088 posset,
548 1002 664 1088 proelii
680 1003 904 1069 committendi
921 1004 1053 1087 signnm
1070 1005 1163 1072 dedit

161 1110 292 1194 aAtque
327 1109 357 1171 in
393 1107 529 1172 alteram
563 1116 691 1191 partem
723 1108 800 1172 item
831 1105 1028 1173 cohortandi
1061 1129 1168 1174 eausa

161 1213 351 1296 sprofeetus
369 1207 590 1294 pugnantibus
615 1212 766 1275 occurrit.
791 1209 962 1297 Temporis
984 1219 1083 1277 tanta
1107 1213 1167 1279 fuit

124 1332 125 1337 ’
184 1317 348 1400 exiguitas
376 1314 583 1399 hostiumque
611 1323 837 1399 temperatus
866 1314 911 1380 ad
941 1313 1166 1382 dimicandum

184 1421 322 1500 animus,
345 1427 381 1483 ut
404 1441 469 1482 non
492 1418 590 1483 modo
621 1417 664 1482 ad
694 1418 838 1503 insignia
867 1418 1166 1502 accommodanda,

186 1523 365 1588 sedetiam
388 1521 431 1585 ad
447 1521 560 1606 galeas
584 1521 767 1587 induendas
792 1523 958 1607 scutisque
981 1523 1167 1606 tegimenta

162 1624 390 1691 edetrudenda
407 1634 534 1709 tempus
552 1624 701 1689 defuerit.
719 1624 827 1705 Quam
843 1626 981 1710 quisque
1005 1623 1049 1690 ab
1067 1647 1166 1712 opere

185 1730 218 1792 in
240 1737 368 1814 partem
391 1750 471 1792 casu
496 1726 626 1791 devenit
652 1748 801 1813 quaeque
830 1730 937 1814 prima
965 1729 1062 1812 signa
1092 1751 1167 1794 con·

185 1834 302 1918 spexit,
327 1831 475 1895 adhaec
499 1832 654 1908 constitit,
678 1853 718 1894 ne
741 1833 775 1896 in
798 1831 992 1916 quaerendis
1015 1835 1087 1898 suis
1112 1855 1166 1918 pu·

189 1935 312 2020 gnandi
336 1944 464 2020 tempus
489 1933 675 1999 dimitteret.

270 2037 322 2102 22.
346 2038 511 2125 Instructo
529 2039 686 2115 exercitu,
709 2039 815 2123 magis
836 2047 873 2103 ut
888 2038 952 2102 loci
968 2049 1092 2106 natura
1116 2042 1166 2107 de

185 2145 353 2228 iectusque
376 2140 470 2205 collis
493 2150 526 2205 et
548 2142 728 2206 necessitas
744 2144 915 2226 temporis,
938 2162 1037 2227 quam
1060 2153 1100 2210 ut
1122 2148 1167 2211 rei

185 2246 336 2312 militaris
359 2246 444 2310 ratio
468 2253 567 2329 atque
591 2244 670 2309 ordo
688 2244 889 2330 postulabat,
914 2267 1000 2328 eum,
1023 2246 1164 2314 diversis

185 2347 387 2433 legionibus,
419 2347 505 2413 aliae
528 2348 593 2412 alie
615 2350 648 2413 in
671 2357 765 2433 parte
794 2348 944 2414 hostibus
966 2352 1166 2434 resisterent,

187 2452 406 2538 saepibusque
436 2453 654 2533 densissimis,
688 2463 724 2519 ut
754 2464 829 2519 ante
860 2454 1166 2540 demonstravimus,

187 2558 365 2622 interiectis
389 2567 583 2645 prospectus
600 2557 821 2643 impediretur,
848 2580 955 2644 neque
978 2568 1071 2627 certa
1094 2559 1167 2627 sub·

178 2659 271 2724 sidia
300 2659 456 2725 collocari
485 2682 606 2745 neque,
635 2661 715 2746 quid
742 2663 776 2726 in
799 2683 929 2747 quaque
959 2672 1054 2748 parte
1085 2687 1166 2754 opus

187 2772 283 2844 esset,
307 2763 473 2849 provideri
494 2786 600 2849 neque
623 2762 665 2829 ab
688 2788 753 2830 uno
779 2768 888 2832 omnia
902 2769 1041 2852 imperia
1064 2770 1167 2837 admi·

164 2869 319 2938 anistrari
341 2877 503 2954 poterant.
549 2869 666 2953 Itaque
687 2871 721 2933 in
743 2876 839 2934 tanta
861 2893 968 2937 rerum
991 2871 1166 2958 iniquitate

188 2973 340 3037 fortunae
364 2994 494 3058 quoque
513 2981 648 3038 eventus
671 2975 762 3059 varii¹
779 2975 1011 3060 sequebantur.

272 3073 323 3137 23.
358 3075 514 3157 Legionis
544 3098 651 3141 nouae
680 3085 713 3141 et
736 3077 884 3144 decimae
906 3079 1043 3163 milites,
1074 3089 1115 3146 ut
1136 3081 1168 3146 in

190 3178 322 3243 sinistra
344 3189 440 3265 parte
470 3181 541 3243 acie
564 3182 794 3258 constiterant,
818 3180 893 3266 pilis
916 3183 1045 3248 emissis
1069 3205 1168 3250 eursu

188 3305 228 3347 ac
258 3282 453 3347 lassitudine
482 3284 689 3348 exanimatos
717 3283 969 3371 vulneribusque
997 3287 1168 3354 confectos

188 3385 364 3451 Atrebates
388 3392 479 3468 (nam
501 3385 553 3450 his
577 3408 617 3450 ea
635 3407 711 3470 pars
736 3384 928 3473 obvenerat)
953 3389 1105 3456 celeriter
1127 3413 1168 3456 ex

191 3490 265 3555 loeo
301 3491 467 3575 superiore
501 3492 533 3553 in
561 3489 682 3555 flumen
712 3490 939 3577 compulerunt
968 3502 1000 3557 et
1027 3496 1168 3560 transire

190 3601 349 3658 conantes
365 3594 504 3658 insecuti
519 3592 638 3677 gladiis
655 3613 810 3678 magnam
832 3605 957 3680 partem
974 3619 1088 3662 eorum
1111 3598 1166 3663 im-
