2430 4028
393 260 504 310 LIBER
520 259 585 324 1111,
605 258 681 310 OAP.
700 259 793 310 8-12.
1044 259 1085 324 87

107 451 176 535 gati
192 457 418 533 revertuntur3
434 451 490 536 qui
507 451 540 514 in
558 449 674 515 itinere
691 452 859 534 congressi
874 472 1088 536 magnopere,

107 577 151 619 ne
178 553 309 640 longius
343 553 610 639 progrederetur,
646 554 794 620 orabant.
839 555 922 621 Cum
955 555 991 620 id
1023 578 1112 621 nona

106 657 351 743 impetrassent,
368 656 535 742 petebant,
552 658 600 722 uti
615 657 659 722 ad
675 680 732 723 eos
748 659 884 745 equites,
901 661 956 745 qui
972 681 1090 743 agmen

106 761 375 842 antecessissent,
392 762 615 844 praemitteret
631 783 752 845 eosque
767 782 879 846 pugna
890 761 1089 847 prohiberet,

108 863 238 948 sibique
261 871 297 928 ut
320 871 516 948 potestatem
540 864 664 928 faceret
686 866 721 928 in
735 863 843 929 Ubios
864 864 993 949 legatos
1017 865 1089 928 mit·

107 966 216 1048 tendi3
246 988 385 1051 quorum
415 969 442 1030 si
471 968 636 1052 principes
666 989 706 1031 ac
731 976 863 1031 senatus
888 966 950 1031 sibi
973 968 1110 1032 iureiu=a

107 1070 214 1135 rando
238 1070 336 1134 fidem
359 1070 502 1153 fecisset,
528 1093 566 1134 ea
583 1070 787 1148 condicione,
812 1092 896 1156 quae
912 1093 932 1135 a
946 1069 1089 1134 Caesare

106 1174 262 1258 ferretur,
297 1197 331 1239 se
360 1197 477 1240 usuros
509 1175 743 1240 ostendebant:
768 1175 810 1239 ad
839 1175 900 1239 has
931 1197 983 1238 res
1013 1195 1090 1239 con·

106 1276 267 1342 ficiendas
303 1278 365 1342 sibi
399 1278 496 1343 tridui
531 1281 674 1364 spatium
705 1279 805 1343 daret.
853 1278 945 1342 Haec
980 1277 1112 1344 omnias

106 1377 234 1445 Caesar
262 1381 378 1446 eodem
400 1380 455 1445 illo
480 1383 643 1465 pertinere
666 1380 905 1463 arbitrabatur,
934 1390 969 1445 ut
991 1380 1091 1445 tridui

105 1504 203 1548 mora
217 1483 412 1567 interposita
429 1485 554 1568 equites
571 1506 692 1566 eorum,
717 1484 771 1568 qui
796 1483 958 1566 abessent,
982 1506 1089 1548 rever·

104 1594 273 1668 terentur3
303 1596 413 1650 tamen
438 1609 509 1651 sese
532 1609 598 1651 non
621 1586 751 1669 longius
774 1587 906 1652 milibus
932 1609 1090 1672 passuum

107 1697 266 1776 quattuor
288 1693 476 1776 aquationis
492 1713 594 1756 cansa
610 1713 842 1777 processurum
865 1714 903 1756 eo
921 1691 974 1756 die
991 1692 1089 1756 dixit:

104 1794 174 1858 huc
203 1803 335 1878 postero
367 1796 420 1861 die
450 1818 548 1880 quam
577 1796 833 1881 frequentissimi
867 1798 1112 1878 convenirent,s

105 1909 144 1962 ut
161 1896 202 1960 de
218 1920 331 1962 eorum
346 1895 522 1982 postulatis
539 1908 763 1983 cognosceret.
787 1898 919 1963 Interim
938 1899 981 1964 ad
997 1921 1112 1983 prae-s

104 2000 226 2081 sectos,
251 2003 305 2086 qui
329 2023 403 2065 cum
427 2001 515 2066 omni
538 2003 685 2087 equitatu
710 2011 966 2082 antecesserant,
992 2003 1090 2066 mittit

106 2104 164 2189 qui
186 2105 391 2187 nuntiarent,
422 2128 464 2168 ne
486 2105 600 2170 hostes
623 2104 748 2191 proelio
774 2103 973 2170 lacesserent
996 2114 1038 2188 et,
1062 2107 1090 2169 si

104 2209 170 2292 ipsi
188 2205 436 2287 lacesserentur,
456 2211 660 2292 sustinerent,
677 2209 788 2294 quoad
803 2210 874 2294 ipse
898 2231 972 2274 curn
995 2231 1090 2273 exer-

105 2313 175 2376 citu
199 2312 335 2397 propius
363 2312 568 2376 accessisset.

197 2413 247 2477 12.
271 2415 318 2480 At
339 2415 461 2498 hostes,
486 2415 542 2480 ubi
560 2419 701 2500 primum
717 2425 848 2480 nostros
872 2419 997 2501 equites
1014 2439 1091 2482 con·

108 2527 306 2604 spexerunt,
343 2541 480 2603 quorum
508 2528 579 2582 erat
607 2537 629 2582 v
658 2519 783 2584 milium
812 2542 981 2604 numerus,
1016 2543 1090 2585 cunr

105 2623 171 2706 ipsi
193 2643 262 2686 non
279 2621 420 2706 amplius
437 2623 644 2705 octingentos
668 2624 792 2707 equites
808 2622 977 2706 haberent,
1001 2625 1090 2710 quod

105 2727 140 2807 ii,
165 2726 221 2810 qui
243 2724 464 2789 frumentandi
481 2747 583 2790 causa
607 2727 713 2791 ierant
736 2736 827 2791 trans
849 2726 989 2810 Mosam,
1013 2750 1091 2791 non-

105 2827 185 2893 dum
207 2827 384 2911 redierant,
409 2828 488 2892 nihil
506 2829 697 2895 timentibus
722 2832 852 2909 nostris,
878 2830 966 2915 quod
988 2831 1089 2914 legati

105 2952 221 2996 eorum
244 2930 343 3015 paulo
368 2940 444 2996 ante
474 2953 494 2994 a
518 2930 660 2997 Caesare
690 2933 910 2997 discesserant
936 2942 1033 3018 atque
1062 2935 1089 2998 is

108 3033 182 3098 dies
210 3033 344 3098 indutiis
368 3045 439 3099 erat
462 3034 504 3099 ab
523 3035 573 3099 his
597 3037 728 3120 petitus,
753 3037 876 3121 impetu
897 3036 985 3101 facto
1011 3036 1091 3101 cele·

105 3140 187 3203 riter
215 3146 347 3203 nostros
382 3138 674 3223 perturbaverunt3
708 3162 821 3204 rursus
850 3140 1110 3205 resistendibusa

103 3241 344 3306 consuetudine
380 3262 440 3304 sua
474 3240 517 3304 ad
550 3242 651 3327 pedes
686 3241 904 3320 desiluerunt,
940 3244 1088 3308 suffossis

103 3343 198 3431 equis
233 3343 521 3429 compluribusque
554 3344 676 3410 nostris
713 3346 847 3410 deiectis
881 3345 1025 3432 reliquos
1054 3349 1087 3411 in

101 3450 216 3533 fugam
240 3451 452 3513 coniecerunt
475 3458 571 3534 atque
594 3451 641 3513 ita
665 3452 853 3535 perterritos
877 3460 1023 3532 egerunt,
1052 3460 1088 3514 ut

101 3574 169 3617 non
203 3552 293 3637 prius
321 3553 401 3635 fuga
430 3551 640 3634 desisterent,
675 3574 773 3638 quam
806 3554 840 3616 in
869 3562 1085 3638 conspectum
