2430 4028
182 272 224 337 36
491 270 542 319 nn
560 269 681 320 annno
701 269 859 320 cmmco

182 465 308 530 alienos
326 486 498 550 occupare,
516 485 621 550 neque
636 463 722 528 ullos
744 465 778 528 in
791 460 903 528 Gallia
917 483 1040 528 vacare
1056 485 1167 548 agros,

183 569 238 653 qui
262 568 332 632 dari
361 577 473 633 tantae
495 566 689 653 pracsertim
717 564 917 631 multitudini
947 565 1020 631 sine
1048 568 1169 632 iniuria

160 672 328 756 apossint3
363 672 421 737 sed
454 671 573 746 licere,
609 673 636 735 si
658 670 772 752 velint,
803 672 836 734 in
859 669 1022 736 Ubiorum
1043 671 1166 736 finibus

182 775 372 854 considere,
396 797 534 860 quorum
564 777 628 840 sint
655 774 755 859 legati
778 773 869 859 apud
900 795 935 839 sc
964 783 998 838 et
1020 773 1066 838 (ie
1090 773 1167 840 Sne

182 877 298 943 borum
323 881 449 944 iniuriis
472 889 651 966 querantur
678 888 712 943 ot
738 900 759 943 a
788 900 823 942 se
846 876 1007 945 auxilium
1035 887 1166 964 petant:

185 980 248 1045 hoc
272 1005 307 1046 sc
330 982 424 1047 Ubiis
447 983 691 1066 imperaturum.

268 1084 298 1146 9.
323 1086 441 1170 Legati
468 1086 551 1150 haec
583 1108 618 1150 se
648 1085 692 1150 ad
722 1107 799 1150 suos
827 1083 989 1149 relaturos
1012 1083 1167 1150 dixerunt

183 1197 215 1251 et
244 1211 279 1252 re
312 1189 493 1254 deliberata
527 1199 604 1275 post
630 1189 716 1254 diem
750 1189 880 1253 tertium
914 1186 959 1252 ad
987 1184 1166 1253 Caesarem

181 1315 384 1358 reversuros:
418 1296 543 1359 interea
572 1315 614 1357 ne
643 1293 778 1377 propius
808 1312 843 1355 se
873 1299 985 1355 castra
1006 1301 1164 1372 moveret,

159 1399 353 1482 apetierunt.
399 1398 448 1462 Ne
475 1396 509 1462 id
534 1397 664 1482 quidem
687 1393 812 1460 Caesar
845 1393 888 1460 ab
922 1416 958 1459 se
996 1395 1165 1480 impetrari

159 1522 279 1585 aposse
296 1500 390 1565 dixit.
415 1499 624 1584 Cognoverat
647 1506 732 1564 enim
754 1520 910 1582 magnam
925 1507 1054 1583 partem
1078 1501 1165 1586 eqni·

182 1614 271 1668 tatus
294 1602 337 1667 ab
360 1604 401 1668 iis
424 1603 550 1688 aliquot
572 1602 687 1667 diebus
711 1611 787 1665 ante
815 1599 996 1687 praedandi
1020 1601 1164 1667 frumen·

182 1706 339 1792 tandique
355 1729 457 1771 causa
472 1706 516 1770 ad
529 1706 752 1770 Ambivaritos
768 1714 859 1769 trans
870 1705 999 1770 Mosam
1012 1707 1163 1771 missam:

181 1810 243 1874 hos
267 1812 455 1894 exspectari
479 1810 603 1894 equites
628 1818 726 1894 atque
749 1810 819 1872 eius
842 1810 889 1872 rei
912 1828 1015 1872 causa
1037 1830 1164 1874 moram

181 1914 345 1998 interponi
370 1912 602 1978 arbitrabatur.

270 2017 318 2080 10.
342 2017 440 2082 Mosa
467 2017 601 2103 profluit
628 2040 670 2082 ex
704 2027 815 2083 monte
839 2017 991 2100 Vosego‚
1027 2015 1086 2101 qui
1117 2024 1165 2080 est

181 2121 215 2183 in
243 2121 363 2185 finibus
392 2121 595 2205 Lingonum,
626 2132 659 2186 et
687 2131 781 2207 parte
810 2119 952 2207 quadam
982 2141 1026 2183 cx
1048 2118 1163 2185 Rheno

159 2234 332 2309 arecepta,
368 2247 454 2308 quae
478 2224 664 2309 appellatur
692 2223 854 2303 Vacalus,
891 2221 1034 2288 insulam
1062 2222 1164 2287 efficit

182 2327 395 2409 Batavorum,
424 2350 531 2414 neque
554 2327 684 2412 longius
708 2327 750 2393 ab
774 2327 909 2392 Oceano
933 2325 1065 2391 milibus
1090 2347 1163 2412 pas-

158 2452 276 2499 asuum
295 2449 391 2494 Lxxx
414 2435 448 2496 in
464 2432 612 2496 Rhenum
636 2431 752 2496 influit.
775 2431 907 2495 Rhenus
931 2439 1042 2495 autem
1061 2430 1165 2494 oritur

180 2556 222 2596 ex
252 2533 435 2618 Lepontiis‚
466 2536 520 2620 qui
544 2534 647 2621 Alpes
670 2534 834 2616 incolunt,
864 2543 896 2598 et
925 2533 1024 2617 longo
1054 2536 1162 2619 spatio

180 2657 238 2718 per
269 2636 351 2700 fines
385 2638 615 2715 Nantuatium‚
651 2637 892 2716 Helvetiorum,
923 2634 1162 2722 Sequanorum,

180 2739 485 2815 Mediomatrioum‚
516 2740 752 2820 Tribocorum,
788 2741 1006 2804 Treverorum
1040 2738 1162 2804 citatus

157 2842 282 2913 ⁴rfertur
315 2853 357 2923 et,
390 2843 446 2909 ubi
481 2842 615 2908 Oceano
651 2844 946 2930 appropinquavit,
981 2843 1016 2906 in
1050 2841 1161 2927 plures

180 2945 293 3010 defluit
324 2957 433 3030 partes
462 2948 571 3011 multis
600 2947 852 3032 ingentibusque
880 2945 996 3011 insulis
1025 2945 1162 3027 effectis,

180 3073 317 3137 quarum
339 3072 417 3136 pars
439 3072 560 3134 magna
583 3073 603 3112 a
626 3051 703 3115 feris
726 3049 943 3134 barbarisque
966 3047 1162 3115 nationibus

159 3154 346 3236 sincolitur,
376 3177 420 3219 ex
448 3153 566 3240 quibus
597 3164 681 3235 sunt,
706 3155 761 3239 qui
792 3152 938 3239 piscibus
960 3160 1062 3238 atqua
1093 3152 1162 3217 ovis

180 3261 290 3323 avium
318 3260 430 3322 vivere
459 3258 705 3339 existimantur,
737 3256 913 3341 multisque
943 3254 1108 3340 capitibus
1130 3256 1163 3319 iu

181 3363 351 3428 Oceanum
374 3361 490 3425 influit.

268 3465 319 3531 ll.
343 3464 468 3529 Caesar
489 3487 562 3528 cum
586 3463 628 3528 ab
652 3463 747 3528 hoste
762 3487 827 3528 non
843 3462 986 3547 amplius
1000 3483 1160 3547 passuum

179 3587 230 3632 xn
254 3566 386 3632 milibus
401 3567 544 3648 abesset,
569 3577 606 3631 ut
620 3575 690 3631 erat
706 3568 930 3649 constitutum,
954 3564 1093 3629 adeum
1115 3563 1160 3628 la·
