2430 4028
128 270 189 338 116
430 279 481 328 nn
499 277 620 328 sunno
640 273 797 330 cronico

126 467 215 554 quod
243 469 365 534 flumen
386 491 452 534 uno
482 473 614 535 omnino
638 471 711 536 loco
735 469 890 557 pedibus,
920 477 1023 556 atque
1046 470 1109 539 hoc

102 595 232 656 saegre,
266 574 398 638 transiri
421 583 540 660 potest.
586 575 636 638 Eo
667 595 744 639 eum
771 575 931 655 venisset,
960 576 1111 641 animum

124 676 267 742 advertit
299 676 342 741 ad
376 676 513 743 alteram
545 678 689 742 fluminis
723 679 831 763 ripam
863 698 1004 762 magnas
1036 701 1111 745 csse

100 781 239 866 scopias
262 780 404 845 hostium
427 783 615 846 instructas.
653 781 741 866 Ripa
770 791 880 846 autem
906 789 977 846 erat
1001 783 1111 846 acutis

126 883 262 949 sudibus
289 883 445 968 praefixis
469 886 610 962 munita,
645 884 857 970 eiusdemque
879 885 1011 969 generis
1048 884 1110 951 sub

99 1008 212 1072 sequa
236 986 366 1052 defixae
390 987 487 1051 sudes
510 987 644 1052 flumine
669 986 875 1071 tegebantur.
922 987 985 1052 His
1008 987 1111 1054 rebus

125 1091 266 1174 cognitis
297 1114 317 1155 a
345 1092 486 1175 captivis
520 1092 732 1177 perfugisque
762 1089 887 1156 Caesar
919 1093 1109 1176 praemisso

101 1195 272 1281 sequitatu
295 1193 470 1258 confestim
491 1191 637 1278 legiones
661 1193 816 1280 subsequi
838 1194 944 1261 iussit.
976 1193 1047 1260 Sed
1069 1217 1111 1261 ea

124 1296 292 1362 celeritate
315 1306 413 1382 atque
429 1319 467 1361 eo
484 1298 608 1382 impetu
622 1297 743 1363 milites
758 1298 875 1373 ierunt,
900 1318 975 1362 cum
997 1300 1110 1384 capite

124 1400 194 1465 solo
211 1423 254 1465 ex
271 1423 357 1485 aqua
373 1409 552 1480 exstarent,
575 1408 612 1465 ut
633 1400 744 1466 hostes
768 1402 924 1486 impetum
940 1401 1110 1486 legionum

123 1514 222 1590 atque
250 1506 399 1589 equitum
429 1505 589 1568 sustinere
618 1525 686 1568 non
714 1513 851 1590 possent
878 1504 1037 1590 ripasque
1064 1503 1111 1568 di·

122 1596 324 1675 mitterdrent
349 1629 388 1671 ac
412 1629 447 1671 se
471 1607 571 1690 fugae
586 1605 794 1672 mandarent.

212 1709 261 1773 19.
285 1709 570 1792 Cassivellaunus,
604 1719 641 1773 ut
670 1732 769 1794 supra
796 1710 1108 1789 demonstravimus,

124 1817 212 1881 omni
230 1814 382 1899 deposita
399 1835 457 1898 spe
473 1814 703 1896 contentionis,
724 1813 867 1878 dimissis
890 1811 1108 1899 amplioribus

123 1921 241 2004 copiis,
258 1917 389 1982 milibus
405 1919 535 1982 circiter
551 1927 707 2003 quattuor
719 1915 962 1982 essedariorum
972 1916 1109 1993 relictis,

123 2025 243 2088 itinera
264 2030 379 2088 nostra
395 2019 552 2085 servabat
567 2021 768 2106 paulumque
790 2043 832 2085 ex
851 2021 906 2084 via
921 2019 1110 2086 excedebat

124 2126 270 2211 locisque
293 2123 459 2211 impeditis
484 2146 524 2188 ac
541 2124 746 2190 silvestribus
763 2147 835 2190 sese
851 2122 1048 2190 occultabat
1061 2135 1108 2189 at·

124 2252 187 2316 que
210 2231 250 2294 iis
273 2227 478 2312 regionibus,
503 2228 621 2312 quibus
644 2249 706 2293 nos
730 2229 792 2293 iter
813 2227 961 2293 facturos
984 2247 1107 2312 cogno·

123 2341 226 2415 verat,
249 2354 371 2417 peoora
386 2341 485 2417 atque
500 2331 651 2397 homines
668 2355 710 2397 ex
734 2333 822 2417 agris
845 2333 879 2396 in
902 2331 1004 2398 silvas
1021 2354 1108 2399 com·

101 2433 267 2522 spellebat
289 2445 330 2510 et,
355 2457 430 2500 cum
452 2438 616 2521 equitatus
633 2444 744 2501 noster
766 2434 901 2500 liberius
920 2435 1108 2520 praedandi

123 2538 341 2624 vastandique
357 2560 460 2604 causa
477 2562 512 2603 se
534 2541 568 2602 in
585 2560 683 2623 agros
699 2541 850 2622 eiecerat,
874 2538 1028 2605 omnibus
1044 2542 1107 2606 viis

124 2646 210 2707 notis
234 2644 439 2728 semitisque,
469 2642 655 2707 essedarios
685 2665 728 2707 ex
757 2640 848 2708 silvis
878 2639 1054 2708 emittebat
1074 2651 1108 2709 et

124 2768 245 2830 magno
281 2769 356 2811 cum
388 2745 534 2832 periculo
558 2756 745 2811 nostrorum
779 2749 924 2832 equitum
959 2767 1037 2812 cum
1067 2749 1108 2812 iis

125 2848 325 2933 confligebat
341 2857 440 2935 atque
455 2849 518 2914 hoc
541 2860 631 2914 metu
646 2849 746 2914 latius
766 2851 885 2934 vagari¹
895 2848 1106 2934 prohibebat.

101 2952 392 3039 sRelinquebatur,
413 2963 448 3017 ut
462 2975 568 3038 neque
585 2954 715 3037 longius
732 2952 774 3017 ab
792 2955 923 3038 agmine
939 2951 1107 3038 legionum

125 3057 249 3124 discedi
264 3055 388 3121 Caesar
399 3065 576 3142 pateretur,
594 3065 626 3121 et
641 3065 768 3121 tantum
781 3059 814 3121 in
830 3057 918 3140 agris
933 3057 1106 3123 vastandis

124 3161 349 3246 incendiisque
371 3160 534 3225 iaciendis
556 3158 708 3225 hostibus
730 3170 914 3240 noceretur,
944 3170 1106 3246 quantum

124 3265 237 3330 labore
266 3271 366 3348 atque
395 3264 510 3327 itinere
536 3262 709 3346 legionarii
736 3262 854 3328 milites
888 3263 1020 3328 efficere
1050 3286 1107 3350 po·

123 3378 243 3434 terant.

211 3469 263 3536 20.
279 3471 415 3535 Interim
429 3468 662 3551 Trinobantes,
678 3490 781 3554 prope
793 3469 981 3534 firmissima
993 3491 1107 3536 earum

122 3578 296 3660 regionum
318 3575 447 3649 civitas,
470 3595 512 3638 ex
536 3594 602 3660 qua
623 3571 881 3637 Mandubracius
908 3571 1106 3640 adulescens
