<?xml version="1.0" encoding="UTF-8"?>
<!DOCTYPE html PUBLIC "-//W3C//DTD XHTML 1.0 Transitional//EN"
    "http://www.w3.org/TR/xhtml1/DTD/xhtml1-transitional.dtd">
<html xmlns="http://www.w3.org/1999/xhtml" xml:lang="en" lang="en">
 <head>
  <title>
</title>
<meta http-equiv="Content-Type" content="text/html;charset=utf-8" />
  <meta name='ocr-system' content='tesseract 3.04.00' />
  <meta name='ocr-capabilities' content='ocr_page ocr_carea ocr_par ocr_line ocrx_word'/>
</head>
<body>
  <div class='ocr_page' id='page_1' title='image "./ciuliicaesarisc01hoffgoog_0251.png"; bbox 0 0 2430 4028; ppageno 0'>
   <div class='ocr_carea' id='block_1_1' title="bbox 181 247 858 311">
    <p class='ocr_par' dir='ltr' id='par_1_1' title="bbox 181 247 858 311">
     <span class='ocr_line' id='line_1_1' title="bbox 181 247 858 311; baseline 0.003 -12"><span class='ocrx_word' id='word_1_1' title='bbox 181 247 244 311; x_wconf 80' lang='lat'>242</span> <span class='ocrx_word' id='word_1_2' title='bbox 489 251 539 300; x_wconf 87' lang='lat' dir='ltr'>nn</span> <span class='ocrx_word' id='word_1_3' title='bbox 558 249 678 300; x_wconf 78' lang='lat' dir='ltr'>nunno</span> <span class='ocrx_word' id='word_1_4' title='bbox 699 248 858 301; x_wconf 72' lang='lat' dir='ltr'>cancico</span> 
     </span>
    </p>
   </div>
   <div class='ocr_carea' id='block_1_2' title="bbox 160 436 1171 3629">
    <p class='ocr_par' dir='ltr' id='par_1_2' title="bbox 160 436 1164 1146">
     <span class='ocr_line' id='line_1_2' title="bbox 182 436 1163 545; baseline 0.005 -44"><span class='ocrx_word' id='word_1_5' title='bbox 182 459 220 502; x_wconf 93' lang='lat' dir='ltr'>eo</span> <span class='ocrx_word' id='word_1_6' title='bbox 244 436 318 502; x_wconf 92' lang='lat' dir='ltr'>loco</span> <span class='ocrx_word' id='word_1_7' title='bbox 342 437 538 516; x_wconf 79' lang='lat' dir='ltr'>collocaret,</span> <span class='ocrx_word' id='word_1_8' title='bbox 562 460 658 525; x_wconf 88' lang='lat' dir='ltr'>quem</span> <span class='ocrx_word' id='word_1_9' title='bbox 681 441 715 504; x_wconf 93' lang='lat' dir='ltr'>in</span> <span class='ocrx_word' id='word_1_10' title='bbox 737 437 847 505; x_wconf 92' lang='lat' dir='ltr'>locum</span> <span class='ocrx_word' id='word_1_11' title='bbox 869 448 1006 527; x_wconf 88' lang='lat' dir='ltr'>propter</span> <span class='ocrx_word' id='word_1_12' title='bbox 1027 442 1163 545; x_wconf 75' lang='lat' dir='ltr'>popiam</span> 
     </span>
     <span class='ocr_line' id='line_1_3' title="bbox 181 539 1161 631; baseline 0.003 -26"><span class='ocrx_word' id='word_1_13' title='bbox 181 539 334 606; x_wconf 86' lang='lat' dir='ltr'>frumenti</span> <span class='ocrx_word' id='word_1_14' title='bbox 358 563 398 605; x_wconf 89' lang='lat' dir='ltr'>ac</span> <span class='ocrx_word' id='word_1_15' title='bbox 420 541 534 628; x_wconf 84' lang='lat' dir='ltr'>pabuli</span> <span class='ocrx_word' id='word_1_16' title='bbox 557 543 724 607; x_wconf 88' lang='lat' dir='ltr'>Romanos</span> <span class='ocrx_word' id='word_1_17' title='bbox 745 544 904 610; x_wconf 88' lang='lat' dir='ltr'>missuros</span> <span class='ocrx_word' id='word_1_18' title='bbox 928 546 1161 631; x_wconf 88' lang='lat' dir='ltr'>suspicaretur.</span> 
     </span>
     <span class='ocr_line' id='line_1_4' title="bbox 160 642 1162 733; baseline 0.005 -25"><span class='ocrx_word' id='word_1_19' title='bbox 160 642 257 724; x_wconf 70' lang='lat' dir='ltr'>sQuo</span> <span class='ocrx_word' id='word_1_20' title='bbox 281 647 414 729; x_wconf 90' lang='lat' dir='ltr'>cognito</span> <span class='ocrx_word' id='word_1_21' title='bbox 439 643 576 711; x_wconf 89' lang='lat' dir='ltr'>consilio</span> <span class='ocrx_word' id='word_1_22' title='bbox 594 645 740 729; x_wconf 78' lang='lat' dir='ltr'>legiones</span> <span class='ocrx_word' id='word_1_23' title='bbox 758 644 880 732; x_wconf 88' lang='lat' dir='ltr'>plures,</span> <span class='ocrx_word' id='word_1_24' title='bbox 903 670 1001 733; x_wconf 89' lang='lat' dir='ltr'>quam</span> <span class='ocrx_word' id='word_1_25' title='bbox 1019 646 1162 728; x_wconf 79' lang='lat' dir='ltr'>solebat,</span> 
     </span>
     <span class='ocr_line' id='line_1_5' title="bbox 182 747 1164 836; baseline 0.003 -24"><span class='ocrx_word' id='word_1_26' title='bbox 182 747 293 813; x_wconf 79' lang='lat' dir='ltr'><strong>educit</strong></span> <span class='ocrx_word' id='word_1_27' title='bbox 308 750 565 835; x_wconf 83' lang='lat' dir='ltr'>equitatumque,</span> <span class='ocrx_word' id='word_1_28' title='bbox 583 770 648 834; x_wconf 90' lang='lat' dir='ltr'>qua</span> <span class='ocrx_word' id='word_1_29' title='bbox 660 748 897 816; x_wconf 90' lang='lat' dir='ltr'>consuetudine</span> <span class='ocrx_word' id='word_1_30' title='bbox 909 749 1164 836; x_wconf 79' lang='lat' dir='ltr'>pabulatoribus</span> 
     </span>
     <span class='ocr_line' id='line_1_6' title="bbox 182 852 1164 938; baseline 0.004 -23"><span class='ocrx_word' id='word_1_31' title='bbox 182 852 313 916; x_wconf 90' lang='lat' dir='ltr'>mittere</span> <span class='ocrx_word' id='word_1_32' title='bbox 335 852 502 936; x_wconf 86' lang='lat' dir='ltr'>praesidio</span> <span class='ocrx_word' id='word_1_33' title='bbox 527 860 720 934; x_wconf 89' lang='lat' dir='ltr'>consuerat,</span> <span class='ocrx_word' id='word_1_34' title='bbox 744 854 941 938; x_wconf 81' lang='lat' dir='ltr'>praemittit3</span> <span class='ocrx_word' id='word_1_35' title='bbox 963 853 1041 919; x_wconf 90' lang='lat' dir='ltr'>huic</span> <span class='ocrx_word' id='word_1_36' title='bbox 1064 856 1164 919; x_wconf 90' lang='lat' dir='ltr'>inter·</span> 
     </span>
     <span class='ocr_line' id='line_1_7' title="bbox 161 955 1163 1042; baseline 0.002 -23"><span class='ocrx_word' id='word_1_37' title='bbox 161 957 276 1039; x_wconf 73' lang='lat' dir='ltr'>oponit</span> <span class='ocrx_word' id='word_1_38' title='bbox 298 955 424 1020; x_wconf 87' lang='lat' dir='ltr'>auxilia</span> <span class='ocrx_word' id='word_1_39' title='bbox 445 955 528 1020; x_wconf 90' lang='lat' dir='ltr'>levis</span> <span class='ocrx_word' id='word_1_40' title='bbox 552 965 756 1038; x_wconf 78' lang='lat' dir='ltr'>armatura03</span> <span class='ocrx_word' id='word_1_41' title='bbox 783 958 855 1042; x_wconf 90' lang='lat' dir='ltr'>ipse</span> <span class='ocrx_word' id='word_1_42' title='bbox 877 978 951 1021; x_wconf 88' lang='lat' dir='ltr'>cunr</span> <span class='ocrx_word' id='word_1_43' title='bbox 975 956 1163 1042; x_wconf 83' lang='lat' dir='ltr'>legionibus</span> 
     </span>
     <span class='ocr_line' id='line_1_8' title="bbox 184 1061 869 1146; baseline 0.001 -23"><span class='ocrx_word' id='word_1_44' title='bbox 184 1080 282 1143; x_wconf 90' lang='lat' dir='ltr'>quam</span> <span class='ocrx_word' id='word_1_45' title='bbox 306 1070 416 1145; x_wconf 91' lang='lat' dir='ltr'>potest</span> <span class='ocrx_word' id='word_1_46' title='bbox 442 1061 586 1125; x_wconf 88' lang='lat' dir='ltr'>maxime</span> <span class='ocrx_word' id='word_1_47' title='bbox 614 1061 869 1146; x_wconf 87' lang='lat' dir='ltr'>appropinquat.</span> 
     </span>
    </p>

    <p class='ocr_par' dir='ltr' id='par_1_3' title="bbox 182 1161 1165 1558">
     <span class='ocr_line' id='line_1_9' title="bbox 271 1161 1165 1248; baseline 0.002 -21"><span class='ocrx_word' id='word_1_48' title='bbox 271 1163 320 1228; x_wconf 90' lang='lat'>18.</span> <span class='ocrx_word' id='word_1_49' title='bbox 344 1164 469 1229; x_wconf 88' lang='lat' dir='ltr'>Hostes</span> <span class='ocrx_word' id='word_1_50' title='bbox 491 1164 525 1228; x_wconf 92' lang='lat' dir='ltr'>in</span> <span class='ocrx_word' id='word_1_51' title='bbox 548 1163 675 1228; x_wconf 88' lang='lat' dir='ltr'>insidiis</span> <span class='ocrx_word' id='word_1_52' title='bbox 700 1164 867 1248; x_wconf 86' lang='lat' dir='ltr'>dispositi,</span> <span class='ocrx_word' id='word_1_53' title='bbox 890 1184 966 1229; x_wconf 90' lang='lat' dir='ltr'>cum</span> <span class='ocrx_word' id='word_1_54' title='bbox 989 1161 1056 1231; x_wconf 88' lang='lat' dir='ltr'>sibi</span> <span class='ocrx_word' id='word_1_55' title='bbox 1078 1163 1165 1229; x_wconf 90' lang='lat' dir='ltr'>dele·</span> 
     </span>
     <span class='ocr_line' id='line_1_10' title="bbox 183 1264 1164 1354; baseline -0.001 -21"><span class='ocrx_word' id='word_1_56' title='bbox 183 1269 310 1351; x_wconf 87' lang='lat' dir='ltr'>gissent</span> <span class='ocrx_word' id='word_1_57' title='bbox 333 1288 486 1352; x_wconf 88' lang='lat' dir='ltr'>campum</span> <span class='ocrx_word' id='word_1_58' title='bbox 509 1264 553 1330; x_wconf 93' lang='lat' dir='ltr'>ad</span> <span class='ocrx_word' id='word_1_59' title='bbox 567 1289 636 1331; x_wconf 92' lang='lat' dir='ltr'>rem</span> <span class='ocrx_word' id='word_1_60' title='bbox 652 1265 829 1351; x_wconf 89' lang='lat' dir='ltr'>gerendam</span> <span class='ocrx_word' id='word_1_61' title='bbox 852 1289 918 1332; x_wconf 94' lang='lat' dir='ltr'>non</span> <span class='ocrx_word' id='word_1_62' title='bbox 941 1266 1084 1352; x_wconf 84' lang='lat' dir='ltr'>amplius</span> <span class='ocrx_word' id='word_1_63' title='bbox 1106 1288 1164 1354; x_wconf 90' lang='lat' dir='ltr'>pa·</span> 
     </span>
     <span class='ocr_line' id='line_1_11' title="bbox 182 1367 1165 1456; baseline 0.004 -24"><span class='ocrx_word' id='word_1_64' title='bbox 182 1379 307 1435; x_wconf 90' lang='lat' dir='ltr'>tentem</span> <span class='ocrx_word' id='word_1_65' title='bbox 323 1371 357 1434; x_wconf 93' lang='lat' dir='ltr'>in</span> <span class='ocrx_word' id='word_1_66' title='bbox 374 1392 486 1434; x_wconf 91' lang='lat' dir='ltr'>omnes</span> <span class='ocrx_word' id='word_1_67' title='bbox 497 1384 609 1456; x_wconf 88' lang='lat' dir='ltr'>partes</span> <span class='ocrx_word' id='word_1_68' title='bbox 621 1367 775 1454; x_wconf 91' lang='lat' dir='ltr'>passibus</span> <span class='ocrx_word' id='word_1_69' title='bbox 792 1369 891 1448; x_wconf 89' lang='lat' dir='ltr'>mille,</span> <span class='ocrx_word' id='word_1_70' title='bbox 907 1369 1002 1435; x_wconf 84' lang='lat' dir='ltr'>silvis</span> <span class='ocrx_word' id='word_1_71' title='bbox 1017 1369 1165 1456; x_wconf 90' lang='lat' dir='ltr'>undique</span> 
     </span>
     <span class='ocr_line' id='line_1_12' title="bbox 184 1471 1165 1558; baseline 0.001 -21"><span class='ocrx_word' id='word_1_72' title='bbox 184 1482 241 1537; x_wconf 85' lang='lat' dir='ltr'>aut</span> <span class='ocrx_word' id='word_1_73' title='bbox 265 1472 512 1558; x_wconf 91' lang='lat' dir='ltr'>impeditissimo</span> <span class='ocrx_word' id='word_1_74' title='bbox 536 1472 669 1536; x_wconf 86' lang='lat' dir='ltr'>flumine</span> <span class='ocrx_word' id='word_1_75' title='bbox 691 1474 868 1558; x_wconf 90' lang='lat' dir='ltr'>munitum,</span> <span class='ocrx_word' id='word_1_76' title='bbox 897 1471 987 1539; x_wconf 87' lang='lat' dir='ltr'>velut</span> <span class='ocrx_word' id='word_1_77' title='bbox 1007 1473 1165 1558; x_wconf 85' lang='lat' dir='ltr'>indagine</span> 
     </span>
    </p>

    <p class='ocr_par' dir='ltr' id='par_1_4' title="bbox 163 1574 1168 2801">
     <span class='ocr_line' id='line_1_13' title="bbox 163 1574 1166 1661; baseline 0.004 -23"><span class='ocrx_word' id='word_1_78' title='bbox 163 1574 270 1645; x_wconf 67' lang='lat' dir='ltr'>ohunc</span> <span class='ocrx_word' id='word_1_79' title='bbox 299 1575 427 1642; x_wconf 87' lang='lat' dir='ltr'>insidiis</span> <span class='ocrx_word' id='word_1_80' title='bbox 462 1574 756 1641; x_wconf 88' lang='lat' dir='ltr'>circumdederunt.</span> <span class='ocrx_word' id='word_1_81' title='bbox 801 1576 985 1661; x_wconf 84' lang='lat' dir='ltr'>Explorato</span> <span class='ocrx_word' id='word_1_82' title='bbox 1018 1576 1166 1642; x_wconf 88' lang='lat' dir='ltr'>bostium</span> 
     </span>
     <span class='ocr_line' id='line_1_14' title="bbox 186 1677 1164 1764; baseline -0.001 -20"><span class='ocrx_word' id='word_1_83' title='bbox 186 1679 323 1745; x_wconf 92' lang='lat' dir='ltr'>consilio</span> <span class='ocrx_word' id='word_1_84' title='bbox 353 1681 457 1744; x_wconf 85' lang='lat' dir='ltr'>nostri</span> <span class='ocrx_word' id='word_1_85' title='bbox 480 1677 524 1742; x_wconf 90' lang='lat' dir='ltr'>ad</span> <span class='ocrx_word' id='word_1_86' title='bbox 546 1677 774 1763; x_wconf 87' lang='lat' dir='ltr'>proeliandum</span> <span class='ocrx_word' id='word_1_87' title='bbox 804 1679 914 1744; x_wconf 89' lang='lat' dir='ltr'>animo</span> <span class='ocrx_word' id='word_1_88' title='bbox 937 1687 1038 1764; x_wconf 86' lang='lat' dir='ltr'>atque</span> <span class='ocrx_word' id='word_1_89' title='bbox 1062 1682 1164 1747; x_wconf 88' lang='lat' dir='ltr'>armis</span> 
     </span>
     <span class='ocr_line' id='line_1_15' title="bbox 185 1779 1166 1868; baseline 0 -21"><span class='ocrx_word' id='word_1_90' title='bbox 185 1784 303 1868; x_wconf 89' lang='lat' dir='ltr'>parati,</span> <span class='ocrx_word' id='word_1_91' title='bbox 328 1804 402 1847; x_wconf 90' lang='lat' dir='ltr'>cum</span> <span class='ocrx_word' id='word_1_92' title='bbox 426 1779 702 1867; x_wconf 84' lang='lat' dir='ltr'>subsequentibus</span> <span class='ocrx_word' id='word_1_93' title='bbox 723 1779 908 1866; x_wconf 85' lang='lat' dir='ltr'>legionibus</span> <span class='ocrx_word' id='word_1_94' title='bbox 923 1780 1049 1847; x_wconf 86' lang='lat' dir='ltr'>nullam</span> <span class='ocrx_word' id='word_1_95' title='bbox 1073 1782 1166 1848; x_wconf 93' lang='lat' dir='ltr'>dimi·</span> 
     </span>
     <span class='ocr_line' id='line_1_16' title="bbox 187 1880 1166 1968; baseline 0 -16"><span class='ocrx_word' id='word_1_96' title='bbox 187 1890 352 1953; x_wconf 90' lang='lat' dir='ltr'>cationem</span> <span class='ocrx_word' id='word_1_97' title='bbox 375 1894 575 1968; x_wconf 82' lang='lat' dir='ltr'>recusarent,</span> <span class='ocrx_word' id='word_1_98' title='bbox 599 1887 766 1950; x_wconf 86' lang='lat' dir='ltr'>turmatim</span> <span class='ocrx_word' id='word_1_99' title='bbox 788 1887 823 1950; x_wconf 90' lang='lat' dir='ltr'>in</span> <span class='ocrx_word' id='word_1_100' title='bbox 838 1907 913 1951; x_wconf 92' lang='lat' dir='ltr'>eum</span> <span class='ocrx_word' id='word_1_101' title='bbox 934 1880 1046 1950; x_wconf 82' lang='lat' dir='ltr'>locum</span> <span class='ocrx_word' id='word_1_102' title='bbox 1069 1884 1166 1952; x_wconf 86' lang='lat' dir='ltr'>deve·</span> 
     </span>
     <span class='ocr_line' id='line_1_17' title="bbox 165 1985 1166 2070; baseline -0.002 -13"><span class='ocrx_word' id='word_1_103' title='bbox 165 1999 315 2058; x_wconf 71' lang='lat' dir='ltr'>inerunt.</span> <span class='ocrx_word' id='word_1_104' title='bbox 340 1988 488 2070; x_wconf 79' lang='lat' dir='ltr'>Quorum</span> <span class='ocrx_word' id='word_1_105' title='bbox 511 1985 654 2053; x_wconf 85' lang='lat' dir='ltr'>adventu</span> <span class='ocrx_word' id='word_1_106' title='bbox 677 2009 751 2053; x_wconf 92' lang='lat' dir='ltr'>cum</span> <span class='ocrx_word' id='word_1_107' title='bbox 773 1987 837 2053; x_wconf 89' lang='lat' dir='ltr'>sibi</span> <span class='ocrx_word' id='word_1_108' title='bbox 852 1986 993 2054; x_wconf 80' lang='lat' dir='ltr'>Oeneus</span> <span class='ocrx_word' id='word_1_109' title='bbox 1017 1987 1166 2055; x_wconf 83' lang='lat' dir='ltr'>oblatam</span> 
     </span>
     <span class='ocr_line' id='line_1_18' title="bbox 188 2090 1166 2176; baseline 0 -19"><span class='ocrx_word' id='word_1_110' title='bbox 188 2096 397 2159; x_wconf 88' lang='lat' dir='ltr'>occasionem</span> <span class='ocrx_word' id='word_1_111' title='bbox 419 2094 466 2156; x_wconf 91' lang='lat' dir='ltr'>rei</span> <span class='ocrx_word' id='word_1_112' title='bbox 490 2090 654 2175; x_wconf 88' lang='lat' dir='ltr'>gerendae</span> <span class='ocrx_word' id='word_1_113' title='bbox 677 2093 896 2172; x_wconf 84' lang='lat' dir='ltr'>existimaret,</span> <span class='ocrx_word' id='word_1_114' title='bbox 925 2094 1166 2176; x_wconf 89' lang='lat' dir='ltr'>primumcum</span> 
     </span>
     <span class='ocr_line' id='line_1_19' title="bbox 187 2195 1166 2285; baseline -0.002 -22"><span class='ocrx_word' id='word_1_115' title='bbox 187 2200 303 2285; x_wconf 90' lang='lat' dir='ltr'>paucis</span> <span class='ocrx_word' id='word_1_116' title='bbox 332 2220 367 2263; x_wconf 92' lang='lat' dir='ltr'>se</span> <span class='ocrx_word' id='word_1_117' title='bbox 397 2195 539 2261; x_wconf 88' lang='lat' dir='ltr'>ostendit</span> <span class='ocrx_word' id='word_1_118' title='bbox 568 2205 667 2280; x_wconf 92' lang='lat' dir='ltr'>atque</span> <span class='ocrx_word' id='word_1_119' title='bbox 695 2197 729 2260; x_wconf 93' lang='lat' dir='ltr'>in</span> <span class='ocrx_word' id='word_1_120' title='bbox 757 2197 928 2281; x_wconf 87' lang='lat' dir='ltr'>proximas</span> <span class='ocrx_word' id='word_1_121' title='bbox 957 2206 1086 2262; x_wconf 80' lang='lat' dir='ltr'>turmas</span> <span class='ocrx_word' id='word_1_122' title='bbox 1107 2198 1166 2261; x_wconf 84' lang='lat' dir='ltr'>isn-</span> 
     </span>
     <span class='ocr_line' id='line_1_20' title="bbox 164 2299 1168 2387; baseline -0.004 -19"><span class='ocrx_word' id='word_1_123' title='bbox 164 2311 297 2387; x_wconf 77' lang='lat' dir='ltr'>spetum</span> <span class='ocrx_word' id='word_1_124' title='bbox 320 2301 409 2365; x_wconf 86' lang='lat' dir='ltr'>fecit.</span> <span class='ocrx_word' id='word_1_125' title='bbox 454 2299 567 2365; x_wconf 90' lang='lat' dir='ltr'>Nostri</span> <span class='ocrx_word' id='word_1_126' title='bbox 596 2308 786 2364; x_wconf 89' lang='lat' dir='ltr'>constanter</span> <span class='ocrx_word' id='word_1_127' title='bbox 813 2301 981 2365; x_wconf 89' lang='lat' dir='ltr'>incursum</span> <span class='ocrx_word' id='word_1_128' title='bbox 1004 2300 1168 2367; x_wconf 87' lang='lat' dir='ltr'>sustinent</span> 
     </span>
     <span class='ocr_line' id='line_1_21' title="bbox 186 2401 1164 2490; baseline -0.002 -19"><span class='ocrx_word' id='word_1_129' title='bbox 186 2405 414 2471; x_wconf 88' lang='lat' dir='ltr'>insidiatorum</span> <span class='ocrx_word' id='word_1_130' title='bbox 452 2427 558 2490; x_wconf 90' lang='lat' dir='ltr'>neque</span> <span class='ocrx_word' id='word_1_131' title='bbox 595 2401 707 2489; x_wconf 87' lang='lat' dir='ltr'>plures</span> <span class='ocrx_word' id='word_1_132' title='bbox 744 2404 778 2468; x_wconf 95' lang='lat' dir='ltr'>in</span> <span class='ocrx_word' id='word_1_133' title='bbox 811 2426 911 2469; x_wconf 88' lang='lat' dir='ltr'>unum</span> <span class='ocrx_word' id='word_1_134' title='bbox 943 2402 1054 2469; x_wconf 91' lang='lat' dir='ltr'>locum</span> <span class='ocrx_word' id='word_1_135' title='bbox 1088 2424 1164 2469; x_wconf 90' lang='lat' dir='ltr'>con-</span> 
     </span>
     <span class='ocr_line' id='line_1_22' title="bbox 188 2506 1168 2596; baseline -0.002 -22"><span class='ocrx_word' id='word_1_136' title='bbox 188 2511 336 2592; x_wconf 71' lang='lat' dir='ltr'>veniunt,</span> <span class='ocrx_word' id='word_1_137' title='bbox 367 2509 454 2595; x_wconf 92' lang='lat' dir='ltr'>quod</span> <span class='ocrx_word' id='word_1_138' title='bbox 478 2508 669 2596; x_wconf 89' lang='lat' dir='ltr'>plerumque</span> <span class='ocrx_word' id='word_1_139' title='bbox 697 2506 903 2593; x_wconf 88' lang='lat' dir='ltr'>equestribus</span> <span class='ocrx_word' id='word_1_140' title='bbox 932 2506 1070 2594; x_wconf 91' lang='lat' dir='ltr'>proeliis</span> <span class='ocrx_word' id='word_1_141' title='bbox 1092 2529 1168 2573; x_wconf 91' lang='lat' dir='ltr'>cum</span> 
     </span>
     <span class='ocr_line' id='line_1_23' title="bbox 189 2609 1168 2699; baseline -0.003 -22"><span class='ocrx_word' id='word_1_142' title='bbox 189 2621 323 2699; x_wconf 91' lang='lat' dir='ltr'>propter</span> <span class='ocrx_word' id='word_1_143' title='bbox 353 2612 494 2699; x_wconf 88' lang='lat' dir='ltr'>aliquem</span> <span class='ocrx_word' id='word_1_144' title='bbox 524 2612 674 2677; x_wconf 89' lang='lat' dir='ltr'>timorem</span> <span class='ocrx_word' id='word_1_145' title='bbox 696 2611 833 2696; x_wconf 87' lang='lat' dir='ltr'>accidit,</span> <span class='ocrx_word' id='word_1_146' title='bbox 861 2619 931 2677; x_wconf 91' lang='lat' dir='ltr'>tum</span> <span class='ocrx_word' id='word_1_147' title='bbox 958 2609 1168 2677; x_wconf 87' lang='lat' dir='ltr'>multitudine</span> 
     </span>
     <span class='ocr_line' id='line_1_24' title="bbox 188 2716 782 2801; baseline -0.005 -20"><span class='ocrx_word' id='word_1_148' title='bbox 188 2720 336 2801; x_wconf 90' lang='lat' dir='ltr'>ipsorum</span> <span class='ocrx_word' id='word_1_149' title='bbox 358 2716 588 2781; x_wconf 88' lang='lat' dir='ltr'>detrimentum</span> <span class='ocrx_word' id='word_1_150' title='bbox 610 2716 782 2800; x_wconf 89' lang='lat' dir='ltr'>accipitur.</span> 
     </span>
    </p>

    <p class='ocr_par' dir='ltr' id='par_1_5' title="bbox 188 2818 1168 3111">
     <span class='ocr_line' id='line_1_25' title="bbox 294 2818 1168 2904; baseline 0.003 -24"><span class='ocrx_word' id='word_1_151' title='bbox 294 2818 344 2884; x_wconf 88' lang='lat'>19.</span> <span class='ocrx_word' id='word_1_152' title='bbox 369 2819 452 2886; x_wconf 85' lang='lat' dir='ltr'>Oum</span> <span class='ocrx_word' id='word_1_153' title='bbox 475 2818 644 2903; x_wconf 88' lang='lat' dir='ltr'>dispositis</span> <span class='ocrx_word' id='word_1_154' title='bbox 660 2819 775 2883; x_wconf 90' lang='lat' dir='ltr'>turmis</span> <span class='ocrx_word' id='word_1_155' title='bbox 798 2819 833 2883; x_wconf 92' lang='lat' dir='ltr'>in</span> <span class='ocrx_word' id='word_1_156' title='bbox 853 2819 961 2882; x_wconf 85' lang='lat' dir='ltr'>vicem</span> <span class='ocrx_word' id='word_1_157' title='bbox 982 2820 1053 2883; x_wconf 86' lang='lat' dir='ltr'>rari</span> <span class='ocrx_word' id='word_1_158' title='bbox 1074 2840 1168 2904; x_wconf 75' lang='lat' dir='ltr'>prce</span> 
     </span>
     <span class='ocr_line' id='line_1_26' title="bbox 188 2921 1168 3008; baseline -0.004 -18"><span class='ocrx_word' id='word_1_159' title='bbox 188 2925 345 2990; x_wconf 93' lang='lat' dir='ltr'>liarentur</span> <span class='ocrx_word' id='word_1_160' title='bbox 367 2945 473 3008; x_wconf 92' lang='lat' dir='ltr'>neque</span> <span class='ocrx_word' id='word_1_161' title='bbox 496 2922 539 2986; x_wconf 96' lang='lat' dir='ltr'>ab</span> <span class='ocrx_word' id='word_1_162' title='bbox 564 2921 720 2987; x_wconf 89' lang='lat' dir='ltr'>lateribus</span> <span class='ocrx_word' id='word_1_163' title='bbox 736 2922 964 2987; x_wconf 81' lang='lat' dir='ltr'>circumveniri</span> <span class='ocrx_word' id='word_1_164' title='bbox 982 2942 1062 2987; x_wconf 89' lang='lat' dir='ltr'>suos</span> <span class='ocrx_word' id='word_1_165' title='bbox 1077 2930 1168 3007; x_wconf 75' lang='lat' dir='ltr'>pute</span> 
     </span>
     <span class='ocr_line' id='line_1_27' title="bbox 189 3022 1167 3111; baseline -0.007 -18"><span class='ocrx_word' id='word_1_166' title='bbox 189 3037 311 3110; x_wconf 89' lang='lat' dir='ltr'>rentur,</span> <span class='ocrx_word' id='word_1_167' title='bbox 336 3035 509 3111; x_wconf 89' lang='lat' dir='ltr'>erumpunt</span> <span class='ocrx_word' id='word_1_168' title='bbox 531 3026 632 3089; x_wconf 92' lang='lat' dir='ltr'>ceteri</span> <span class='ocrx_word' id='word_1_169' title='bbox 649 3022 770 3089; x_wconf 85' lang='lat' dir='ltr'>Correo</span> <span class='ocrx_word' id='word_1_170' title='bbox 794 3023 976 3110; x_wconf 87' lang='lat' dir='ltr'>proeliante</span> <span class='ocrx_word' id='word_1_171' title='bbox 998 3046 1044 3089; x_wconf 87' lang='lat' dir='ltr'>ex</span> <span class='ocrx_word' id='word_1_172' title='bbox 1067 3024 1167 3091; x_wconf 84' lang='lat' dir='ltr'>silvis.</span> 
     </span>
    </p>

    <p class='ocr_par' dir='ltr' id='par_1_6' title="bbox 168 3126 1171 3629">
     <span class='ocr_line' id='line_1_28' title="bbox 168 3126 1169 3214; baseline -0.004 -18"><span class='ocrx_word' id='word_1_173' title='bbox 168 3133 246 3196; x_wconf 79' lang='lat' dir='ltr'>aFit</span> <span class='ocrx_word' id='word_1_174' title='bbox 273 3151 395 3214; x_wconf 86' lang='lat' dir='ltr'>magna</span> <span class='ocrx_word' id='word_1_175' title='bbox 418 3128 628 3193; x_wconf 88' lang='lat' dir='ltr'>contentione</span> <span class='ocrx_word' id='word_1_176' title='bbox 658 3127 823 3193; x_wconf 83' lang='lat' dir='ltr'>diversum</span> <span class='ocrx_word' id='word_1_177' title='bbox 851 3126 1021 3213; x_wconf 90' lang='lat' dir='ltr'>proelium.</span> <span class='ocrx_word' id='word_1_178' title='bbox 1069 3126 1169 3211; x_wconf 82' lang='lat' dir='ltr'>Quod</span> 
     </span>
     <span class='ocr_line' id='line_1_29' title="bbox 191 3230 1169 3318; baseline 0 -20"><span class='ocrx_word' id='word_1_179' title='bbox 191 3257 266 3298; x_wconf 91' lang='lat' dir='ltr'>cum</span> <span class='ocrx_word' id='word_1_180' title='bbox 289 3233 408 3298; x_wconf 91' lang='lat' dir='ltr'>diutius</span> <span class='ocrx_word' id='word_1_181' title='bbox 432 3231 503 3318; x_wconf 89' lang='lat' dir='ltr'>pari</span> <span class='ocrx_word' id='word_1_182' title='bbox 525 3230 632 3294; x_wconf 91' lang='lat' dir='ltr'>Marte</span> <span class='ocrx_word' id='word_1_183' title='bbox 653 3230 800 3314; x_wconf 87' lang='lat' dir='ltr'>iniretur,</span> <span class='ocrx_word' id='word_1_184' title='bbox 828 3230 988 3316; x_wconf 88' lang='lat' dir='ltr'>paulatim</span> <span class='ocrx_word' id='word_1_185' title='bbox 1009 3254 1056 3297; x_wconf 85' lang='lat' dir='ltr'>ex</span> <span class='ocrx_word' id='word_1_186' title='bbox 1078 3232 1169 3297; x_wconf 84' lang='lat' dir='ltr'>silvis</span> 
     </span>
     <span class='ocr_line' id='line_1_30' title="bbox 190 3335 1169 3423; baseline 0.001 -21"><span class='ocrx_word' id='word_1_187' title='bbox 190 3340 350 3402; x_wconf 90' lang='lat' dir='ltr'>instructa</span> <span class='ocrx_word' id='word_1_188' title='bbox 373 3335 547 3402; x_wconf 91' lang='lat' dir='ltr'>multitudo</span> <span class='ocrx_word' id='word_1_189' title='bbox 571 3335 720 3420; x_wconf 89' lang='lat' dir='ltr'>procedit</span> <span class='ocrx_word' id='word_1_190' title='bbox 743 3336 905 3422; x_wconf 90' lang='lat' dir='ltr'>peditum,</span> <span class='ocrx_word' id='word_1_191' title='bbox 928 3359 1013 3423; x_wconf 85' lang='lat' dir='ltr'>quae</span> <span class='ocrx_word' id='word_1_192' title='bbox 1035 3346 1169 3405; x_wconf 85' lang='lat' dir='ltr'>nostros</span> 
     </span>
     <span class='ocr_line' id='line_1_31' title="bbox 191 3438 1171 3525; baseline 0.001 -20"><span class='ocrx_word' id='word_1_193' title='bbox 191 3444 300 3525; x_wconf 75' lang='lat' dir='ltr'>coegit</span> <span class='ocrx_word' id='word_1_194' title='bbox 323 3439 439 3505; x_wconf 88' lang='lat' dir='ltr'>cedere</span> <span class='ocrx_word' id='word_1_195' title='bbox 463 3440 600 3525; x_wconf 90' lang='lat' dir='ltr'>equites.</span> <span class='ocrx_word' id='word_1_196' title='bbox 646 3438 774 3518; x_wconf 78' lang='lat' dir='ltr'>Quibus</span> <span class='ocrx_word' id='word_1_197' title='bbox 802 3440 949 3507; x_wconf 89' lang='lat' dir='ltr'>celeriter</span> <span class='ocrx_word' id='word_1_198' title='bbox 972 3440 1171 3507; x_wconf 86' lang='lat' dir='ltr'>subveniunt</span> 
     </span>
     <span class='ocr_line' id='line_1_32' title="bbox 190 3541 1168 3629; baseline 0.002 -20"><span class='ocrx_word' id='word_1_199' title='bbox 190 3544 271 3611; x_wconf 88' lang='lat' dir='ltr'>levis</span> <span class='ocrx_word' id='word_1_200' title='bbox 294 3553 480 3610; x_wconf 89' lang='lat' dir='ltr'>armaturae</span> <span class='ocrx_word' id='word_1_201' title='bbox 502 3541 647 3628; x_wconf 89' lang='lat' dir='ltr'>pedites,</span> <span class='ocrx_word' id='word_1_202' title='bbox 671 3564 754 3628; x_wconf 88' lang='lat' dir='ltr'>quos</span> <span class='ocrx_word' id='word_1_203' title='bbox 777 3552 854 3609; x_wconf 89' lang='lat' dir='ltr'>ante</span> <span class='ocrx_word' id='word_1_204' title='bbox 875 3543 1024 3629; x_wconf 86' lang='lat' dir='ltr'>legiones</span> <span class='ocrx_word' id='word_1_205' title='bbox 1046 3546 1168 3613; x_wconf 78' lang='lat' dir='ltr'>missos</span> 
     </span>
    </p>
   </div>
   <div class='ocr_carea' id='block_1_3' title="bbox 0 0 1231 4028">
    <p class='ocr_par' dir='ltr' id='par_1_7' title="bbox 0 0 1231 4028">
     <span class='ocr_line' id='line_1_33' title="bbox 0 0 1231 4028; baseline 0 0"><span class='ocrx_word' id='word_1_206' title='bbox 0 0 1231 4028; x_wconf 95' lang='lat' dir='ltr'> </span> 
     </span>
    </p>
   </div>
  </div>
 </body>
</html>
