<?xml version="1.0" encoding="UTF-8"?>
<!DOCTYPE html PUBLIC "-//W3C//DTD XHTML 1.0 Transitional//EN"
    "http://www.w3.org/TR/xhtml1/DTD/xhtml1-transitional.dtd">
<html xmlns="http://www.w3.org/1999/xhtml" xml:lang="en" lang="en">
 <head>
  <title>
</title>
<meta http-equiv="Content-Type" content="text/html;charset=utf-8" />
  <meta name='ocr-system' content='tesseract 3.04.00' />
  <meta name='ocr-capabilities' content='ocr_page ocr_carea ocr_par ocr_line ocrx_word'/>
</head>
<body>
  <div class='ocr_page' id='page_1' title='image "./ciuliicaesarisc01hoffgoog_0055.png"; bbox 0 0 2416 4028; ppageno 0'>
   <div class='ocr_carea' id='block_1_1' title="bbox 187 273 861 336">
    <p class='ocr_par' dir='ltr' id='par_1_1' title="bbox 187 273 861 336">
     <span class='ocr_line' id='line_1_1' title="bbox 187 273 861 336; baseline 0.001 -11"><span class='ocrx_word' id='word_1_1' title='bbox 187 273 228 336; x_wconf 88' lang='lat'>46</span> <span class='ocrx_word' id='word_1_2' title='bbox 494 276 544 325; x_wconf 85' lang='lat' dir='ltr'>DE</span> <span class='ocrx_word' id='word_1_3' title='bbox 564 275 682 326; x_wconf 86' lang='lat' dir='ltr'><strong>BELLO</strong></span> <span class='ocrx_word' id='word_1_4' title='bbox 703 274 861 327; x_wconf 82' lang='lat' dir='ltr'>GALLICO</span> 
     </span>
    </p>
   </div>
   <div class='ocr_carea' id='block_1_2' title="bbox 104 465 1208 3664">
    <p class='ocr_par' dir='ltr' id='par_1_2' title="bbox 104 465 1208 3044">
     <span class='ocr_line' id='line_1_2' title="bbox 163 465 1166 554; baseline 0.006 -23"><span class='ocrx_word' id='word_1_5' title='bbox 163 468 292 532; x_wconf 77' lang='lat' dir='ltr'>4minus</span> <span class='ocrx_word' id='word_1_6' title='bbox 322 465 450 531; x_wconf 88' lang='lat' dir='ltr'>duobus</span> <span class='ocrx_word' id='word_1_7' title='bbox 479 475 589 532; x_wconf 89' lang='lat' dir='ltr'>castra</span> <span class='ocrx_word' id='word_1_8' title='bbox 621 476 824 552; x_wconf 76' lang='lat' dir='ltr'>posuerunt3</span> <span class='ocrx_word' id='word_1_9' title='bbox 860 490 944 554; x_wconf 89' lang='lat' dir='ltr'>quac</span> <span class='ocrx_word' id='word_1_10' title='bbox 974 479 1106 554; x_wconf 83' lang='lat' dir='ltr'>castra,</span> <span class='ocrx_word' id='word_1_11' title='bbox 1133 481 1166 537; x_wconf 85' lang='lat' dir='ltr'>ut</span> 
     </span>
     <span class='ocr_line' id='line_1_3' title="bbox 184 569 1164 657; baseline 0.007 -22"><span class='ocrx_word' id='word_1_12' title='bbox 184 572 273 635; x_wconf 89' lang='lat' dir='ltr'>fumo</span> <span class='ocrx_word' id='word_1_13' title='bbox 298 578 396 655; x_wconf 92' lang='lat' dir='ltr'>atque</span> <span class='ocrx_word' id='word_1_14' title='bbox 418 569 550 655; x_wconf 81' lang='lat' dir='ltr'>ignibus</span> <span class='ocrx_word' id='word_1_15' title='bbox 574 571 837 655; x_wconf 84' lang='lat' dir='ltr'>significabatur,</span> <span class='ocrx_word' id='word_1_16' title='bbox 871 571 1012 657; x_wconf 89' lang='lat' dir='ltr'>amplius</span> <span class='ocrx_word' id='word_1_17' title='bbox 1035 573 1164 642; x_wconf 89' lang='lat' dir='ltr'>milibus</span> 
     </span>
     <span class='ocr_line' id='line_1_4' title="bbox 185 674 1202 769; baseline 0.005 -32"><span class='ocrx_word' id='word_1_18' title='bbox 185 696 341 758; x_wconf 86' lang='lat' dir='ltr'>passuum</span> <span class='ocrx_word' id='word_1_19' title='bbox 365 684 439 739; x_wconf 91' lang='lat' dir='ltr'>octo</span> <span class='ocrx_word' id='word_1_20' title='bbox 463 677 497 739; x_wconf 92' lang='lat' dir='ltr'>in</span> <span class='ocrx_word' id='word_1_21' title='bbox 520 674 727 740; x_wconf 90' lang='lat' dir='ltr'>latitudinem</span> <span class='ocrx_word' id='word_1_22' title='bbox 751 675 921 760; x_wconf 87' lang='lat' dir='ltr'>patebant.</span> <span class='ocrx_word' id='word_1_23' title='bbox 1198 738 1202 769; x_wconf 75' lang='lat' dir='ltr'>z</span> 
     </span>
     <span class='ocr_line' id='line_1_5' title="bbox 272 777 1202 865; baseline 0.009 -23"><span class='ocrx_word' id='word_1_24' title='bbox 272 778 302 842; x_wconf 84' lang='lat'>8.</span> <span class='ocrx_word' id='word_1_25' title='bbox 332 777 456 843; x_wconf 80' lang='lat' dir='ltr'>Caesar</span> <span class='ocrx_word' id='word_1_26' title='bbox 482 779 585 864; x_wconf 92' lang='lat' dir='ltr'>primo</span> <span class='ocrx_word' id='word_1_27' title='bbox 618 788 649 844; x_wconf 90' lang='lat' dir='ltr'>et</span> <span class='ocrx_word' id='word_1_28' title='bbox 679 789 813 865; x_wconf 89' lang='lat' dir='ltr'>propter</span> <span class='ocrx_word' id='word_1_29' title='bbox 840 781 1084 849; x_wconf 80' lang='lat' dir='ltr'>multitudinem</span> <span class='ocrx_word' id='word_1_30' title='bbox 1113 784 1164 849; x_wconf 95' lang='lat' dir='ltr'>ho·</span> <span class='ocrx_word' id='word_1_31' title='bbox 1198 782 1202 795; x_wconf 89' lang='lat'>&#39;</span> 
     </span>
     <span class='ocr_line' id='line_1_6' title="bbox 185 884 1163 973; baseline 0.007 -28"><span class='ocrx_word' id='word_1_32' title='bbox 185 884 281 946; x_wconf 86' lang='lat' dir='ltr'>stium</span> <span class='ocrx_word' id='word_1_33' title='bbox 305 891 337 947; x_wconf 90' lang='lat' dir='ltr'>et</span> <span class='ocrx_word' id='word_1_34' title='bbox 352 893 488 968; x_wconf 90' lang='lat' dir='ltr'>propter</span> <span class='ocrx_word' id='word_1_35' title='bbox 511 885 665 948; x_wconf 83' lang='lat' dir='ltr'>eximiam</span> <span class='ocrx_word' id='word_1_36' title='bbox 690 886 877 971; x_wconf 74' lang='lat' dir='ltr'>opinionem</span> <span class='ocrx_word' id='word_1_37' title='bbox 892 887 1024 950; x_wconf 85' lang='lat' dir='ltr'>virtutis</span> <span class='ocrx_word' id='word_1_38' title='bbox 1040 887 1163 973; x_wconf 89' lang='lat' dir='ltr'>proelio</span> 
     </span>
     <span class='ocr_line' id='line_1_7' title="bbox 104 986 1164 1077; baseline 0.008 -28"><span class='ocrx_word' id='word_1_39' title='bbox 104 1033 107 1040; x_wconf 81' lang='grc'>-</span> <span class='ocrx_word' id='word_1_40' title='bbox 162 986 398 1069; x_wconf 83' lang='lat' dir='ltr'>2supersedere</span> <span class='ocrx_word' id='word_1_41' title='bbox 422 989 553 1061; x_wconf 82' lang='lat' dir='ltr'>statuit3</span> <span class='ocrx_word' id='word_1_42' title='bbox 577 987 698 1052; x_wconf 85' lang='lat' dir='ltr'>cotidie</span> <span class='ocrx_word' id='word_1_43' title='bbox 714 997 824 1053; x_wconf 90' lang='lat' dir='ltr'>tamen</span> <span class='ocrx_word' id='word_1_44' title='bbox 848 988 1056 1075; x_wconf 81' lang='lat' dir='ltr'>equestribus</span> <span class='ocrx_word' id='word_1_45' title='bbox 1074 1013 1164 1077; x_wconf 90' lang='lat' dir='ltr'>proe-</span> 
     </span>
     <span class='ocr_line' id='line_1_8' title="bbox 183 1088 1164 1178; baseline 0.006 -25"><span class='ocrx_word' id='word_1_46' title='bbox 183 1088 247 1169; x_wconf 92' lang='lat' dir='ltr'>liis,</span> <span class='ocrx_word' id='word_1_47' title='bbox 272 1089 350 1174; x_wconf 92' lang='lat' dir='ltr'>quid</span> <span class='ocrx_word' id='word_1_48' title='bbox 373 1090 475 1156; x_wconf 87' lang='lat' dir='ltr'>hostis</span> <span class='ocrx_word' id='word_1_49' title='bbox 504 1093 623 1157; x_wconf 90' lang='lat' dir='ltr'>virtute</span> <span class='ocrx_word' id='word_1_50' title='bbox 646 1102 758 1177; x_wconf 91' lang='lat' dir='ltr'>posset</span> <span class='ocrx_word' id='word_1_51' title='bbox 782 1102 814 1157; x_wconf 90' lang='lat' dir='ltr'>et</span> <span class='ocrx_word' id='word_1_52' title='bbox 837 1093 916 1178; x_wconf 91' lang='lat' dir='ltr'>quid</span> <span class='ocrx_word' id='word_1_53' title='bbox 938 1095 1045 1158; x_wconf 86' lang='lat' dir='ltr'>nostri</span> <span class='ocrx_word' id='word_1_54' title='bbox 1070 1093 1164 1160; x_wconf 82' lang='lat' dir='ltr'>aude·</span> 
     </span>
     <span class='ocr_line' id='line_1_9' title="bbox 162 1193 1164 1278; baseline 0.006 -22"><span class='ocrx_word' id='word_1_55' title='bbox 162 1202 266 1275; x_wconf 71' lang='lat' dir='ltr'>arent,</span> <span class='ocrx_word' id='word_1_56' title='bbox 290 1193 549 1278; x_wconf 85' lang='lat' dir='ltr'>periclitabatur.</span> <span class='ocrx_word' id='word_1_57' title='bbox 573 1194 639 1260; x_wconf 91' lang='lat' dir='ltr'>Ubi</span> <span class='ocrx_word' id='word_1_58' title='bbox 662 1207 793 1261; x_wconf 88' lang='lat' dir='ltr'>nostros</span> <span class='ocrx_word' id='word_1_59' title='bbox 810 1219 876 1261; x_wconf 90' lang='lat' dir='ltr'>non</span> <span class='ocrx_word' id='word_1_60' title='bbox 900 1219 972 1260; x_wconf 87' lang='lat' dir='ltr'>esse</span> <span class='ocrx_word' id='word_1_61' title='bbox 995 1197 1164 1265; x_wconf 85' lang='lat' dir='ltr'>inferiores</span> 
     </span>
     <span class='ocr_line' id='line_1_10' title="bbox 183 1296 1165 1383; baseline 0.008 -22"><span class='ocrx_word' id='word_1_62' title='bbox 183 1296 362 1376; x_wconf 86' lang='lat' dir='ltr'>intellexit,</span> <span class='ocrx_word' id='word_1_63' title='bbox 394 1298 467 1363; x_wconf 93' lang='lat' dir='ltr'>loco</span> <span class='ocrx_word' id='word_1_64' title='bbox 496 1321 555 1383; x_wconf 92' lang='lat' dir='ltr'>pro</span> <span class='ocrx_word' id='word_1_65' title='bbox 585 1299 703 1364; x_wconf 88' lang='lat' dir='ltr'>castris</span> <span class='ocrx_word' id='word_1_66' title='bbox 734 1299 776 1365; x_wconf 89' lang='lat' dir='ltr'>ad</span> <span class='ocrx_word' id='word_1_67' title='bbox 807 1301 913 1366; x_wconf 86' lang='lat' dir='ltr'>aciem</span> <span class='ocrx_word' id='word_1_68' title='bbox 939 1303 1165 1368; x_wconf 84' lang='lat' dir='ltr'>instruendam</span> 
     </span>
     <span class='ocr_line' id='line_1_11' title="bbox 184 1403 1164 1490; baseline 0.006 -24"><span class='ocrx_word' id='word_1_69' title='bbox 184 1412 301 1469; x_wconf 90' lang='lat' dir='ltr'>natura</span> <span class='ocrx_word' id='word_1_70' title='bbox 325 1411 508 1488; x_wconf 88' lang='lat' dir='ltr'>opportuno</span> <span class='ocrx_word' id='word_1_71' title='bbox 533 1412 631 1488; x_wconf 90' lang='lat' dir='ltr'>atquc</span> <span class='ocrx_word' id='word_1_72' title='bbox 653 1403 783 1481; x_wconf 84' lang='lat' dir='ltr'>idoneo,</span> <span class='ocrx_word' id='word_1_73' title='bbox 809 1405 897 1490; x_wconf 89' lang='lat' dir='ltr'>quod</span> <span class='ocrx_word' id='word_1_74' title='bbox 919 1407 947 1470; x_wconf 87' lang='lat' dir='ltr'>is</span> <span class='ocrx_word' id='word_1_75' title='bbox 972 1404 1081 1486; x_wconf 89' lang='lat' dir='ltr'>collis,</span> <span class='ocrx_word' id='word_1_76' title='bbox 1112 1407 1164 1472; x_wconf 93' lang='lat' dir='ltr'>ubi</span> 
     </span>
     <span class='ocr_line' id='line_1_12' title="bbox 183 1507 1164 1595; baseline 0.006 -25"><span class='ocrx_word' id='word_1_77' title='bbox 183 1517 294 1573; x_wconf 87' lang='lat' dir='ltr'>castra</span> <span class='ocrx_word' id='word_1_78' title='bbox 327 1507 436 1592; x_wconf 88' lang='lat' dir='ltr'>posita</span> <span class='ocrx_word' id='word_1_79' title='bbox 469 1516 577 1590; x_wconf 89' lang='lat' dir='ltr'>erant,</span> <span class='ocrx_word' id='word_1_80' title='bbox 612 1507 779 1593; x_wconf 93' lang='lat' dir='ltr'>paululum</span> <span class='ocrx_word' id='word_1_81' title='bbox 815 1531 857 1573; x_wconf 80' lang='lat' dir='ltr'>ex</span> <span class='ocrx_word' id='word_1_82' title='bbox 881 1508 1025 1595; x_wconf 90' lang='lat' dir='ltr'>planicie</span> <span class='ocrx_word' id='word_1_83' title='bbox 1060 1511 1164 1576; x_wconf 91' lang='lat' dir='ltr'>editus</span> 
     </span>
     <span class='ocr_line' id='line_1_13' title="bbox 184 1611 1166 1700; baseline 0.006 -26"><span class='ocrx_word' id='word_1_84' title='bbox 184 1619 310 1675; x_wconf 89' lang='lat' dir='ltr'>tantum</span> <span class='ocrx_word' id='word_1_85' title='bbox 346 1611 504 1677; x_wconf 89' lang='lat' dir='ltr'>adversus</span> <span class='ocrx_word' id='word_1_86' title='bbox 538 1612 572 1675; x_wconf 89' lang='lat' dir='ltr'>in</span> <span class='ocrx_word' id='word_1_87' title='bbox 608 1611 811 1678; x_wconf 88' lang='lat' dir='ltr'>latitudinem</span> <span class='ocrx_word' id='word_1_88' title='bbox 835 1611 980 1698; x_wconf 86' lang='lat' dir='ltr'>patebat,</span> <span class='ocrx_word' id='word_1_89' title='bbox 1011 1625 1166 1700; x_wconf 81' lang='lat' dir='ltr'>qnantum</span> 
     </span>
     <span class='ocr_line' id='line_1_14' title="bbox 184 1712 1164 1804; baseline 0.006 -28"><span class='ocrx_word' id='word_1_90' title='bbox 184 1712 248 1779; x_wconf 94' lang='lat' dir='ltr'>loci</span> <span class='ocrx_word' id='word_1_91' title='bbox 283 1717 370 1779; x_wconf 88' lang='lat' dir='ltr'>acics</span> <span class='ocrx_word' id='word_1_92' title='bbox 405 1715 567 1779; x_wconf 87' lang='lat' dir='ltr'>instructa</span> <span class='ocrx_word' id='word_1_93' title='bbox 602 1737 763 1802; x_wconf 91' lang='lat' dir='ltr'>occupare</span> <span class='ocrx_word' id='word_1_94' title='bbox 801 1724 952 1801; x_wconf 87' lang='lat' dir='ltr'>poterat,</span> <span class='ocrx_word' id='word_1_95' title='bbox 990 1726 1095 1804; x_wconf 88' lang='lat' dir='ltr'>atque</span> <span class='ocrx_word' id='word_1_96' title='bbox 1127 1742 1164 1784; x_wconf 83' lang='lat' dir='ltr'>ex</span> 
     </span>
     <span class='ocr_line' id='line_1_15' title="bbox 183 1819 1166 1912; baseline 0.006 -30"><span class='ocrx_word' id='word_1_97' title='bbox 183 1826 320 1905; x_wconf 92' lang='lat' dir='ltr'>utraque</span> <span class='ocrx_word' id='word_1_98' title='bbox 336 1829 431 1904; x_wconf 92' lang='lat' dir='ltr'>parte</span> <span class='ocrx_word' id='word_1_99' title='bbox 455 1819 567 1885; x_wconf 87' lang='lat' dir='ltr'>lateris</span> <span class='ocrx_word' id='word_1_100' title='bbox 583 1820 728 1885; x_wconf 88' lang='lat' dir='ltr'>deiectus</span> <span class='ocrx_word' id='word_1_101' title='bbox 752 1820 898 1912; x_wconf 81' lang='lat' dir='ltr'>habebat</span> <span class='ocrx_word' id='word_1_102' title='bbox 922 1830 954 1886; x_wconf 90' lang='lat' dir='ltr'>et</span> <span class='ocrx_word' id='word_1_103' title='bbox 976 1823 1011 1886; x_wconf 91' lang='lat' dir='ltr'>in</span> <span class='ocrx_word' id='word_1_104' title='bbox 1026 1823 1166 1888; x_wconf 88' lang='lat' dir='ltr'>frontem</span> 
     </span>
     <span class='ocr_line' id='line_1_16' title="bbox 183 1921 1165 2011; baseline 0.009 -27"><span class='ocrx_word' id='word_1_105' title='bbox 183 1921 298 1986; x_wconf 91' lang='lat' dir='ltr'>leniter</span> <span class='ocrx_word' id='word_1_106' title='bbox 320 1922 496 2005; x_wconf 84' lang='lat' dir='ltr'>fastigatus</span> <span class='ocrx_word' id='word_1_107' title='bbox 514 1921 674 2008; x_wconf 91' lang='lat' dir='ltr'>paulatim</span> <span class='ocrx_word' id='word_1_108' title='bbox 699 1924 743 1988; x_wconf 90' lang='lat' dir='ltr'>ad</span> <span class='ocrx_word' id='word_1_109' title='bbox 759 1925 937 2008; x_wconf 87' lang='lat' dir='ltr'>planiciem</span> <span class='ocrx_word' id='word_1_110' title='bbox 959 1925 1101 2011; x_wconf 85' lang='lat' dir='ltr'>redibat,</span> <span class='ocrx_word' id='word_1_111' title='bbox 1126 1927 1165 1993; x_wconf 82' lang='lat' dir='ltr'>ab</span> 
     </span>
     <span class='ocr_line' id='line_1_17' title="bbox 183 2025 1208 2112; baseline 0.002 -23"><span class='ocrx_word' id='word_1_112' title='bbox 183 2035 321 2112; x_wconf 88' lang='lat' dir='ltr'>utroque</span> <span class='ocrx_word' id='word_1_113' title='bbox 350 2026 452 2090; x_wconf 89' lang='lat' dir='ltr'>latere</span> <span class='ocrx_word' id='word_1_114' title='bbox 481 2027 549 2090; x_wconf 88' lang='lat' dir='ltr'>eius</span> <span class='ocrx_word' id='word_1_115' title='bbox 580 2025 675 2091; x_wconf 85' lang='lat' dir='ltr'>collis</span> <span class='ocrx_word' id='word_1_116' title='bbox 707 2037 930 2092; x_wconf 86' lang='lat' dir='ltr'>transversam</span> <span class='ocrx_word' id='word_1_117' title='bbox 961 2027 1090 2096; x_wconf 87' lang='lat' dir='ltr'>fossam</span> <span class='ocrx_word' id='word_1_118' title='bbox 1114 2029 1166 2096; x_wconf 91' lang='lat' dir='ltr'>ob·</span> <span class='ocrx_word' id='word_1_119' title='bbox 1205 2033 1208 2091; x_wconf 87' lang='grc'>1</span> 
     </span>
     <span class='ocr_line' id='line_1_18' title="bbox 161 2094 1208 2214; baseline 0 -22"><span class='ocrx_word' id='word_1_120' title='bbox 161 2128 278 2193; x_wconf 71' lang='lat' dir='ltr'>oduxit</span> <span class='ocrx_word' id='word_1_121' title='bbox 301 2130 430 2193; x_wconf 89' lang='lat' dir='ltr'>circiter</span> <span class='ocrx_word' id='word_1_122' title='bbox 453 2150 610 2214; x_wconf 89' lang='lat' dir='ltr'>passuum</span> <span class='ocrx_word' id='word_1_123' title='bbox 635 2129 959 2214; x_wconf 88' lang='lat' dir='ltr'>quadringentorum,</span> <span class='ocrx_word' id='word_1_124' title='bbox 986 2141 1021 2197; x_wconf 90' lang='lat' dir='ltr'>et</span> <span class='ocrx_word' id='word_1_125' title='bbox 1044 2131 1091 2196; x_wconf 85' lang='lat' dir='ltr'>ad</span> <span class='ocrx_word' id='word_1_126' title='bbox 1114 2157 1166 2199; x_wconf 86' lang='lat' dir='ltr'>ex·</span> <span class='ocrx_word' id='word_1_127' title='bbox 1206 2094 1208 2192; x_wconf 92' lang='lat' dir='ltr'>l</span> 
     </span>
     <span class='ocr_line' id='line_1_19' title="bbox 184 2232 1166 2333; baseline 0.005 -38"><span class='ocrx_word' id='word_1_128' title='bbox 184 2241 304 2297; x_wconf 86' lang='lat' dir='ltr'>tremas</span> <span class='ocrx_word' id='word_1_129' title='bbox 338 2233 446 2296; x_wconf 87' lang='lat' dir='ltr'>fossas</span> <span class='ocrx_word' id='word_1_130' title='bbox 481 2232 619 2297; x_wconf 89' lang='lat' dir='ltr'>castella</span> <span class='ocrx_word' id='word_1_131' title='bbox 654 2235 823 2298; x_wconf 86' lang='lat' dir='ltr'>constituit</span> <span class='ocrx_word' id='word_1_132' title='bbox 858 2233 968 2319; x_wconf 91' lang='lat' dir='ltr'>ibique</span> <span class='ocrx_word' id='word_1_133' title='bbox 1001 2243 1166 2333; x_wconf 63' lang='lat' dir='ltr'>l⁰Q¹¹l²</span> 
     </span>
     <span class='ocr_line' id='line_1_20' title="bbox 184 2335 1166 2425; baseline 0.006 -26"><span class='ocrx_word' id='word_1_134' title='bbox 184 2335 368 2419; x_wconf 86' lang='lat' dir='ltr'>collocavit,</span> <span class='ocrx_word' id='word_1_135' title='bbox 392 2359 445 2419; x_wconf 86' lang='lat' dir='ltr'>ne,</span> <span class='ocrx_word' id='word_1_136' title='bbox 469 2359 544 2401; x_wconf 92' lang='lat' dir='ltr'>cum</span> <span class='ocrx_word' id='word_1_137' title='bbox 567 2339 672 2402; x_wconf 89' lang='lat' dir='ltr'>aciem</span> <span class='ocrx_word' id='word_1_138' title='bbox 695 2338 914 2417; x_wconf 86' lang='lat' dir='ltr'>instruxisset,</span> <span class='ocrx_word' id='word_1_139' title='bbox 931 2336 1054 2416; x_wconf 86' lang='lat' dir='ltr'>hostes,</span> <span class='ocrx_word' id='word_1_140' title='bbox 1081 2339 1166 2425; x_wconf 87' lang='lat' dir='ltr'>qnod</span> 
     </span>
     <span class='ocr_line' id='line_1_21' title="bbox 184 2440 1166 2526; baseline 0.004 -24"><span class='ocrx_word' id='word_1_141' title='bbox 184 2448 311 2504; x_wconf 86' lang='lat' dir='ltr'>tantum</span> <span class='ocrx_word' id='word_1_142' title='bbox 328 2440 534 2506; x_wconf 86' lang='lat' dir='ltr'>multitudiue</span> <span class='ocrx_word' id='word_1_143' title='bbox 555 2450 716 2525; x_wconf 87' lang='lat' dir='ltr'>poterant,</span> <span class='ocrx_word' id='word_1_144' title='bbox 741 2440 782 2506; x_wconf 90' lang='lat' dir='ltr'>ab</span> <span class='ocrx_word' id='word_1_145' title='bbox 807 2440 964 2505; x_wconf 90' lang='lat' dir='ltr'>latoribus</span> <span class='ocrx_word' id='word_1_146' title='bbox 980 2453 1166 2526; x_wconf 85' lang='lat' dir='ltr'>pugnantes</span> 
     </span>
     <span class='ocr_line' id='line_1_22' title="bbox 162 2543 1166 2631; baseline 0.004 -23"><span class='ocrx_word' id='word_1_147' title='bbox 162 2565 262 2608; x_wconf 80' lang='lat' dir='ltr'>ssuos</span> <span class='ocrx_word' id='word_1_148' title='bbox 286 2546 522 2610; x_wconf 87' lang='lat' dir='ltr'>circumvenire</span> <span class='ocrx_word' id='word_1_149' title='bbox 538 2556 682 2630; x_wconf 89' lang='lat' dir='ltr'>possent.</span> <span class='ocrx_word' id='word_1_150' title='bbox 706 2545 781 2609; x_wconf 88' lang='lat' dir='ltr'>Hoc</span> <span class='ocrx_word' id='word_1_151' title='bbox 799 2546 886 2610; x_wconf 88' lang='lat' dir='ltr'>facto</span> <span class='ocrx_word' id='word_1_152' title='bbox 913 2543 1043 2610; x_wconf 85' lang='lat' dir='ltr'>duabus</span> <span class='ocrx_word' id='word_1_153' title='bbox 1065 2545 1166 2631; x_wconf 82' lang='lat' dir='ltr'>legio·</span> 
     </span>
     <span class='ocr_line' id='line_1_23' title="bbox 182 2646 1166 2735; baseline 0.004 -23"><span class='ocrx_word' id='word_1_154' title='bbox 182 2646 290 2730; x_wconf 91' lang='lat' dir='ltr'>nibus,</span> <span class='ocrx_word' id='word_1_155' title='bbox 307 2668 389 2732; x_wconf 88' lang='lat' dir='ltr'>quas</span> <span class='ocrx_word' id='word_1_156' title='bbox 404 2650 555 2733; x_wconf 85' lang='lat' dir='ltr'>proxime</span> <span class='ocrx_word' id='word_1_157' title='bbox 574 2653 825 2734; x_wconf 84' lang='lat' dir='ltr'>conscripserat,</span> <span class='ocrx_word' id='word_1_158' title='bbox 842 2649 875 2713; x_wconf 91' lang='lat' dir='ltr'>in</span> <span class='ocrx_word' id='word_1_159' title='bbox 892 2652 1011 2714; x_wconf 85' lang='lat' dir='ltr'>castris</span> <span class='ocrx_word' id='word_1_160' title='bbox 1028 2648 1166 2735; x_wconf 90' lang='lat' dir='ltr'>relictis,</span> 
     </span>
     <span class='ocr_line' id='line_1_24' title="bbox 182 2751 1167 2840; baseline 0.005 -26"><span class='ocrx_word' id='word_1_161' title='bbox 182 2759 227 2827; x_wconf 90' lang='lat' dir='ltr'>ut,</span> <span class='ocrx_word' id='word_1_162' title='bbox 252 2751 359 2836; x_wconf 88' lang='lat' dir='ltr'>siquo</span> <span class='ocrx_word' id='word_1_163' title='bbox 386 2774 467 2837; x_wconf 88' lang='lat' dir='ltr'>opus</span> <span class='ocrx_word' id='word_1_164' title='bbox 492 2762 586 2833; x_wconf 85' lang='lat' dir='ltr'>esset,</span> <span class='ocrx_word' id='word_1_165' title='bbox 605 2751 751 2817; x_wconf 86' lang='lat' dir='ltr'>subsidio</span> <span class='ocrx_word' id='word_1_166' title='bbox 768 2752 843 2817; x_wconf 88' lang='lat' dir='ltr'>duci</span> <span class='ocrx_word' id='word_1_167' title='bbox 861 2760 1007 2838; x_wconf 83' lang='lat' dir='ltr'>possent,</span> <span class='ocrx_word' id='word_1_168' title='bbox 1023 2754 1167 2840; x_wconf 86' lang='lat' dir='ltr'>reliquas</span> 
     </span>
     <span class='ocr_line' id='line_1_25' title="bbox 181 2853 1167 2942; baseline 0.006 -24"><span class='ocrx_word' id='word_1_169' title='bbox 181 2876 241 2918; x_wconf 86' lang='lat' dir='ltr'>sex</span> <span class='ocrx_word' id='word_1_170' title='bbox 265 2853 410 2938; x_wconf 88' lang='lat' dir='ltr'>legiones</span> <span class='ocrx_word' id='word_1_171' title='bbox 434 2879 494 2942; x_wconf 90' lang='lat' dir='ltr'>pro</span> <span class='ocrx_word' id='word_1_172' title='bbox 519 2860 635 2922; x_wconf 86' lang='lat' dir='ltr'>castris</span> <span class='ocrx_word' id='word_1_173' title='bbox 667 2860 700 2922; x_wconf 91' lang='lat' dir='ltr'>in</span> <span class='ocrx_word' id='word_1_174' title='bbox 723 2859 795 2921; x_wconf 88' lang='lat' dir='ltr'>acie</span> <span class='ocrx_word' id='word_1_175' title='bbox 819 2859 997 2923; x_wconf 87' lang='lat' dir='ltr'>constituit.</span> <span class='ocrx_word' id='word_1_176' title='bbox 1044 2857 1167 2924; x_wconf 88' lang='lat' dir='ltr'>Hostes</span> 
     </span>
     <span class='ocr_line' id='line_1_26' title="bbox 183 2958 1125 3044; baseline 0.005 -22"><span class='ocrx_word' id='word_1_177' title='bbox 183 2958 263 3023; x_wconf 88' lang='lat' dir='ltr'>item</span> <span class='ocrx_word' id='word_1_178' title='bbox 288 2980 363 3024; x_wconf 88' lang='lat' dir='ltr'>suas</span> <span class='ocrx_word' id='word_1_179' title='bbox 388 2962 501 3044; x_wconf 87' lang='lat' dir='ltr'>copias</span> <span class='ocrx_word' id='word_1_180' title='bbox 526 2984 567 3024; x_wconf 86' lang='lat' dir='ltr'>ex</span> <span class='ocrx_word' id='word_1_181' title='bbox 586 2963 702 3024; x_wconf 88' lang='lat' dir='ltr'>castris</span> <span class='ocrx_word' id='word_1_182' title='bbox 727 2960 864 3025; x_wconf 86' lang='lat' dir='ltr'>eductas</span> <span class='ocrx_word' id='word_1_183' title='bbox 887 2963 1125 3028; x_wconf 84' lang='lat' dir='ltr'>instruxerant.</span> 
     </span>
    </p>

    <p class='ocr_par' dir='ltr' id='par_1_3' title="bbox 181 3063 1169 3463">
     <span class='ocr_line' id='line_1_27' title="bbox 267 3063 1168 3154; baseline 0.007 -28"><span class='ocrx_word' id='word_1_184' title='bbox 267 3063 297 3126; x_wconf 83' lang='lat'>9.</span> <span class='ocrx_word' id='word_1_185' title='bbox 322 3065 422 3129; x_wconf 90' lang='lat' dir='ltr'>Palus</span> <span class='ocrx_word' id='word_1_186' title='bbox 453 3075 522 3129; x_wconf 92' lang='lat' dir='ltr'>erat</span> <span class='ocrx_word' id='word_1_187' title='bbox 545 3088 610 3130; x_wconf 91' lang='lat' dir='ltr'>non</span> <span class='ocrx_word' id='word_1_188' title='bbox 634 3088 757 3149; x_wconf 85' lang='lat' dir='ltr'>magna</span> <span class='ocrx_word' id='word_1_189' title='bbox 780 3068 865 3130; x_wconf 86' lang='lat' dir='ltr'>inter</span> <span class='ocrx_word' id='word_1_190' title='bbox 895 3074 1046 3130; x_wconf 88' lang='lat' dir='ltr'>nostrum</span> <span class='ocrx_word' id='word_1_191' title='bbox 1069 3075 1168 3154; x_wconf 86' lang='lat' dir='ltr'>atque</span> 
     </span>
     <span class='ocr_line' id='line_1_28' title="bbox 181 3168 1168 3247; baseline 0.004 -15"><span class='ocrx_word' id='word_1_192' title='bbox 181 3169 324 3233; x_wconf 91' lang='lat' dir='ltr'>hostium</span> <span class='ocrx_word' id='word_1_193' title='bbox 348 3172 539 3234; x_wconf 88' lang='lat' dir='ltr'>exercitum.</span> <span class='ocrx_word' id='word_1_194' title='bbox 564 3169 659 3232; x_wconf 87' lang='lat' dir='ltr'>Hauc</span> <span class='ocrx_word' id='word_1_195' title='bbox 684 3172 710 3233; x_wconf 88' lang='lat' dir='ltr'>si</span> <span class='ocrx_word' id='word_1_196' title='bbox 727 3170 831 3233; x_wconf 88' lang='lat' dir='ltr'>nostri</span> <span class='ocrx_word' id='word_1_197' title='bbox 849 3170 1037 3247; x_wconf 89' lang='lat' dir='ltr'>transirent,</span> <span class='ocrx_word' id='word_1_198' title='bbox 1054 3168 1168 3236; x_wconf 87' lang='lat' dir='ltr'>hostes</span> 
     </span>
     <span class='ocr_line' id='line_1_29' title="bbox 182 3272 1169 3358; baseline 0.004 -22"><span class='ocrx_word' id='word_1_199' title='bbox 182 3272 436 3358; x_wconf 84' lang='lat' dir='ltr'>exspectabant;</span> <span class='ocrx_word' id='word_1_200' title='bbox 461 3275 565 3339; x_wconf 89' lang='lat' dir='ltr'>nostri</span> <span class='ocrx_word' id='word_1_201' title='bbox 583 3282 701 3347; x_wconf 85' lang='lat' dir='ltr'>autem,</span> <span class='ocrx_word' id='word_1_202' title='bbox 727 3275 753 3336; x_wconf 92' lang='lat' dir='ltr'>si</span> <span class='ocrx_word' id='word_1_203' title='bbox 770 3272 812 3336; x_wconf 91' lang='lat' dir='ltr'>ab</span> <span class='ocrx_word' id='word_1_204' title='bbox 836 3272 900 3338; x_wconf 89' lang='lat' dir='ltr'>illis</span> <span class='ocrx_word' id='word_1_205' title='bbox 917 3274 1046 3338; x_wconf 90' lang='lat' dir='ltr'>initium</span> <span class='ocrx_word' id='word_1_206' title='bbox 1062 3281 1169 3340; x_wconf 85' lang='lat' dir='ltr'>trans-</span> 
     </span>
     <span class='ocr_line' id='line_1_30' title="bbox 182 3377 1168 3463; baseline 0.004 -23"><span class='ocrx_word' id='word_1_207' title='bbox 182 3377 280 3441; x_wconf 92' lang='lat' dir='ltr'>cundi</span> <span class='ocrx_word' id='word_1_208' title='bbox 302 3378 406 3460; x_wconf 88' lang='lat' dir='ltr'>fieret,</span> <span class='ocrx_word' id='word_1_209' title='bbox 436 3385 471 3440; x_wconf 89' lang='lat' dir='ltr'>ut</span> <span class='ocrx_word' id='word_1_210' title='bbox 494 3378 669 3462; x_wconf 88' lang='lat' dir='ltr'>impeditos</span> <span class='ocrx_word' id='word_1_211' title='bbox 699 3377 965 3462; x_wconf 89' lang='lat' dir='ltr'>aggrederentur,</span> <span class='ocrx_word' id='word_1_212' title='bbox 998 3380 1112 3463; x_wconf 76' lang='lat' dir='ltr'>parati</span> <span class='ocrx_word' id='word_1_213' title='bbox 1135 3380 1168 3443; x_wconf 90' lang='lat' dir='ltr'>in</span> 
     </span>
    </p>

    <p class='ocr_par' dir='ltr' id='par_1_4' title="bbox 160 3479 1167 3664">
     <span class='ocr_line' id='line_1_31' title="bbox 160 3479 1167 3566; baseline 0.007 -27"><span class='ocrx_word' id='word_1_214' title='bbox 160 3483 280 3545; x_wconf 73' lang='lat' dir='ltr'>sarmis</span> <span class='ocrx_word' id='word_1_215' title='bbox 310 3491 413 3545; x_wconf 87' lang='lat' dir='ltr'>erant.</span> <span class='ocrx_word' id='word_1_216' title='bbox 459 3479 593 3544; x_wconf 87' lang='lat' dir='ltr'>Interim</span> <span class='ocrx_word' id='word_1_217' title='bbox 620 3481 746 3566; x_wconf 92' lang='lat' dir='ltr'>proelio</span> <span class='ocrx_word' id='word_1_218' title='bbox 782 3481 924 3566; x_wconf 87' lang='lat' dir='ltr'>equestri</span> <span class='ocrx_word' id='word_1_219' title='bbox 959 3482 1045 3545; x_wconf 90' lang='lat' dir='ltr'>inter</span> <span class='ocrx_word' id='word_1_220' title='bbox 1083 3481 1167 3547; x_wconf 89' lang='lat' dir='ltr'>duas</span> 
     </span>
     <span class='ocr_line' id='line_1_32' title="bbox 179 3582 1166 3664; baseline 0.004 -18"><span class='ocrx_word' id='word_1_221' title='bbox 179 3587 267 3647; x_wconf 79' lang='lat' dir='ltr'>acies</span> <span class='ocrx_word' id='word_1_222' title='bbox 292 3582 562 3648; x_wconf 88' lang='lat' dir='ltr'>contendebatur.</span> <span class='ocrx_word' id='word_1_223' title='bbox 598 3584 663 3649; x_wconf 91' lang='lat' dir='ltr'>Ubi</span> <span class='ocrx_word' id='word_1_224' title='bbox 688 3588 793 3649; x_wconf 88' lang='lat' dir='ltr'>neutri</span> <span class='ocrx_word' id='word_1_225' title='bbox 817 3582 1008 3651; x_wconf 89' lang='lat' dir='ltr'>transeundi</span> <span class='ocrx_word' id='word_1_226' title='bbox 1035 3584 1166 3664; x_wconf 80' lang='lat' dir='ltr'>initium</span> 
     </span>
    </p>
   </div>
   <div class='ocr_carea' id='block_1_3' title="bbox 0 0 1216 4028">
    <p class='ocr_par' dir='ltr' id='par_1_5' title="bbox 0 0 1216 4028">
     <span class='ocr_line' id='line_1_33' title="bbox 0 0 1216 4028; baseline 0 0"><span class='ocrx_word' id='word_1_227' title='bbox 0 0 1216 4028; x_wconf 95' lang='lat' dir='ltr'> </span> 
     </span>
    </p>
   </div>
  </div>
 </body>
</html>
