<?xml version="1.0" encoding="UTF-8"?>
<!DOCTYPE html PUBLIC "-//W3C//DTD XHTML 1.0 Transitional//EN"
    "http://www.w3.org/TR/xhtml1/DTD/xhtml1-transitional.dtd">
<html xmlns="http://www.w3.org/1999/xhtml" xml:lang="en" lang="en">
 <head>
  <title>
</title>
<meta http-equiv="Content-Type" content="text/html;charset=utf-8" />
  <meta name='ocr-system' content='tesseract 3.04.00' />
  <meta name='ocr-capabilities' content='ocr_page ocr_carea ocr_par ocr_line ocrx_word'/>
</head>
<body>
  <div class='ocr_page' id='page_1' title='image "./ciuliicaesarisc01hoffgoog_0100.png"; bbox 0 0 2430 4028; ppageno 0'>
   <div class='ocr_carea' id='block_1_1' title="bbox 384 265 1084 334">
    <p class='ocr_par' dir='ltr' id='par_1_1' title="bbox 384 265 1084 334">
     <span class='ocr_line' id='line_1_1' title="bbox 384 265 1084 334; baseline 0 -18"><span class='ocrx_word' id='word_1_1' title='bbox 384 266 496 317; x_wconf 79' lang='lat' dir='ltr'>aman</span> <span class='ocrx_word' id='word_1_2' title='bbox 513 266 577 332; x_wconf 86' lang='lat' dir='ltr'>mr,</span> <span class='ocrx_word' id='word_1_3' title='bbox 597 265 673 321; x_wconf 76' lang='lat' dir='ltr'>ose.</span> <span class='ocrx_word' id='word_1_4' title='bbox 693 267 803 318; x_wconf 74' lang='lat'>15-17.</span> <span class='ocrx_word' id='word_1_5' title='bbox 1045 270 1084 334; x_wconf 82' lang='lat'>91</span> 
     </span>
    </p>
   </div>
   <div class='ocr_carea' id='block_1_2' title="bbox 101 459 1113 3643">
    <p class='ocr_par' dir='ltr' id='par_1_2' title="bbox 106 459 1112 649">
     <span class='ocr_line' id='line_1_2' title="bbox 106 459 1112 545; baseline 0.001 -19"><span class='ocrx_word' id='word_1_6' title='bbox 106 461 250 526; x_wconf 81' lang='lat' dir='ltr'>Navium</span> <span class='ocrx_word' id='word_1_7' title='bbox 274 481 427 544; x_wconf 89' lang='lat' dir='ltr'>magnam</span> <span class='ocrx_word' id='word_1_8' title='bbox 450 459 581 544; x_wconf 92' lang='lat' dir='ltr'>copiam</span> <span class='ocrx_word' id='word_1_9' title='bbox 608 459 652 524; x_wconf 93' lang='lat' dir='ltr'>ad</span> <span class='ocrx_word' id='word_1_10' title='bbox 674 460 967 545; x_wconf 85' lang='lat' dir='ltr'>transportandum</span> <span class='ocrx_word' id='word_1_11' title='bbox 998 483 1112 528; x_wconf 82' lang='lat' dir='ltr'>exer-a</span> 
     </span>
     <span class='ocr_line' id='line_1_3' title="bbox 106 563 483 649; baseline 0.003 -22"><span class='ocrx_word' id='word_1_12' title='bbox 106 566 208 629; x_wconf 92' lang='lat' dir='ltr'>citum</span> <span class='ocrx_word' id='word_1_13' title='bbox 231 563 483 649; x_wconf 79' lang='lat' dir='ltr'>pollicebantur.</span> 
     </span>
    </p>

    <p class='ocr_par' dir='ltr' id='par_1_3' title="bbox 101 665 1113 3643">
     <span class='ocr_line' id='line_1_4' title="bbox 196 665 1089 752; baseline 0.003 -23"><span class='ocrx_word' id='word_1_14' title='bbox 196 666 246 731; x_wconf 82' lang='lat'>17.</span> <span class='ocrx_word' id='word_1_15' title='bbox 272 669 395 733; x_wconf 76' lang='lat' dir='ltr'>Caesar</span> <span class='ocrx_word' id='word_1_16' title='bbox 420 665 472 732; x_wconf 91' lang='lat' dir='ltr'>his</span> <span class='ocrx_word' id='word_1_17' title='bbox 502 667 543 732; x_wconf 95' lang='lat' dir='ltr'>de</span> <span class='ocrx_word' id='word_1_18' title='bbox 566 668 686 747; x_wconf 87' lang='lat' dir='ltr'>causis,</span> <span class='ocrx_word' id='word_1_19' title='bbox 710 689 793 752; x_wconf 89' lang='lat' dir='ltr'>quas</span> <span class='ocrx_word' id='word_1_20' title='bbox 823 671 1089 750; x_wconf 89' lang='lat' dir='ltr'>commemoravi,</span> 
     </span>
     <span class='ocr_line' id='line_1_5' title="bbox 105 770 1090 853; baseline 0 -17"><span class='ocrx_word' id='word_1_21' title='bbox 105 770 256 836; x_wconf 87' lang='lat' dir='ltr'><strong>Rhenum</strong></span> <span class='ocrx_word' id='word_1_22' title='bbox 283 773 423 836; x_wconf 88' lang='lat' dir='ltr'>transire</span> <span class='ocrx_word' id='word_1_23' title='bbox 453 770 660 853; x_wconf 79' lang='lat' dir='ltr'>decreverat3</span> <span class='ocrx_word' id='word_1_24' title='bbox 696 771 754 834; x_wconf 87' lang='lat' dir='ltr'>sed</span> <span class='ocrx_word' id='word_1_25' title='bbox 785 771 926 835; x_wconf 88' lang='lat' dir='ltr'>navibus</span> <span class='ocrx_word' id='word_1_26' title='bbox 949 772 1090 836; x_wconf 88' lang='lat' dir='ltr'>transire</span> 
     </span>
     <span class='ocr_line' id='line_1_6' title="bbox 105 872 1089 961; baseline 0.001 -23"><span class='ocrx_word' id='word_1_27' title='bbox 105 896 214 959; x_wconf 89' lang='lat' dir='ltr'>neque</span> <span class='ocrx_word' id='word_1_28' title='bbox 246 874 326 939; x_wconf 88' lang='lat' dir='ltr'>satis</span> <span class='ocrx_word' id='word_1_29' title='bbox 360 883 465 938; x_wconf 88' lang='lat' dir='ltr'>tutum</span> <span class='ocrx_word' id='word_1_30' title='bbox 500 895 573 938; x_wconf 89' lang='lat' dir='ltr'>esse</span> <span class='ocrx_word' id='word_1_31' title='bbox 608 872 846 952; x_wconf 80' lang='lat' dir='ltr'><strong>arbitrabatur,</strong></span> <span class='ocrx_word' id='word_1_32' title='bbox 881 897 986 961; x_wconf 91' lang='lat' dir='ltr'>neque</span> <span class='ocrx_word' id='word_1_33' title='bbox 1010 897 1089 939; x_wconf 89' lang='lat' dir='ltr'>suae</span> 
     </span>
     <span class='ocr_line' id='line_1_7' title="bbox 105 975 1112 1063; baseline 0.002 -21"><span class='ocrx_word' id='word_1_34' title='bbox 105 997 219 1062; x_wconf 86' lang='lat' dir='ltr'>neque</span> <span class='ocrx_word' id='word_1_35' title='bbox 232 976 344 1063; x_wconf 89' lang='lat' dir='ltr'>populi</span> <span class='ocrx_word' id='word_1_36' title='bbox 365 977 505 1041; x_wconf 90' lang='lat' dir='ltr'>Romani</span> <span class='ocrx_word' id='word_1_37' title='bbox 524 976 694 1060; x_wconf 90' lang='lat' dir='ltr'>dignitatis</span> <span class='ocrx_word' id='word_1_38' title='bbox 717 998 789 1041; x_wconf 91' lang='lat' dir='ltr'>esse</span> <span class='ocrx_word' id='word_1_39' title='bbox 818 975 992 1042; x_wconf 80' lang='lat' dir='ltr'>statuebat.</span> <span class='ocrx_word' id='word_1_40' title='bbox 1023 978 1112 1044; x_wconf 82' lang='lat' dir='ltr'>Ita-a</span> 
     </span>
     <span class='ocr_line' id='line_1_8' title="bbox 106 1079 1089 1166; baseline 0.001 -22"><span class='ocrx_word' id='word_1_41' title='bbox 106 1102 181 1166; x_wconf 87' lang='lat' dir='ltr'>que,</span> <span class='ocrx_word' id='word_1_42' title='bbox 206 1081 268 1144; x_wconf 91' lang='lat' dir='ltr'>etsi</span> <span class='ocrx_word' id='word_1_43' title='bbox 292 1103 419 1145; x_wconf 92' lang='lat' dir='ltr'>summa</span> <span class='ocrx_word' id='word_1_44' title='bbox 435 1079 612 1145; x_wconf 86' lang='lat' dir='ltr'>difficultas</span> <span class='ocrx_word' id='word_1_45' title='bbox 636 1079 779 1144; x_wconf 88' lang='lat' dir='ltr'>faciendi</span> <span class='ocrx_word' id='word_1_46' title='bbox 803 1080 911 1164; x_wconf 89' lang='lat' dir='ltr'>pontis</span> <span class='ocrx_word' id='word_1_47' title='bbox 928 1103 1089 1165; x_wconf 91' lang='lat' dir='ltr'>propone-</span> 
     </span>
     <span class='ocr_line' id='line_1_9' title="bbox 104 1181 1090 1269; baseline 0 -21"><span class='ocrx_word' id='word_1_48' title='bbox 104 1184 204 1248; x_wconf 82' lang='lat' dir='ltr'>batur</span> <span class='ocrx_word' id='word_1_49' title='bbox 229 1192 362 1269; x_wconf 88' lang='lat' dir='ltr'>propter</span> <span class='ocrx_word' id='word_1_50' title='bbox 385 1183 601 1258; x_wconf 88' lang='lat' dir='ltr'>latitudinem,</span> <span class='ocrx_word' id='word_1_51' title='bbox 629 1181 842 1267; x_wconf 82' lang='lat' dir='ltr'>rapiditatem</span> <span class='ocrx_word' id='word_1_52' title='bbox 872 1182 1090 1249; x_wconf 89' lang='lat' dir='ltr'>altitudinem-</span> 
     </span>
     <span class='ocr_line' id='line_1_10' title="bbox 105 1285 1090 1372; baseline 0.001 -21"><span class='ocrx_word' id='word_1_53' title='bbox 105 1309 171 1372; x_wconf 87' lang='lat' dir='ltr'>que</span> <span class='ocrx_word' id='word_1_54' title='bbox 186 1286 339 1364; x_wconf 87' lang='lat' dir='ltr'>fiuminis‚</span> <span class='ocrx_word' id='word_1_55' title='bbox 364 1296 473 1351; x_wconf 89' lang='lat' dir='ltr'>tamen</span> <span class='ocrx_word' id='word_1_56' title='bbox 496 1287 531 1352; x_wconf 95' lang='lat' dir='ltr'>id</span> <span class='ocrx_word' id='word_1_57' title='bbox 554 1285 617 1350; x_wconf 92' lang='lat' dir='ltr'>sibi</span> <span class='ocrx_word' id='word_1_58' title='bbox 634 1286 898 1351; x_wconf 92' lang='lat' dir='ltr'>contendendum</span> <span class='ocrx_word' id='word_1_59' title='bbox 922 1296 979 1352; x_wconf 91' lang='lat' dir='ltr'>aut</span> <span class='ocrx_word' id='word_1_60' title='bbox 994 1287 1090 1352; x_wconf 90' lang='lat' dir='ltr'>aliter</span> 
     </span>
     <span class='ocr_line' id='line_1_11' title="bbox 103 1388 1112 1456; baseline -0.001 -1"><span class='ocrx_word' id='word_1_61' title='bbox 103 1413 173 1455; x_wconf 91' lang='lat' dir='ltr'>non</span> <span class='ocrx_word' id='word_1_62' title='bbox 196 1388 434 1455; x_wconf 90' lang='lat' dir='ltr'>traducendum</span> <span class='ocrx_word' id='word_1_63' title='bbox 457 1390 638 1454; x_wconf 87' lang='lat' dir='ltr'>exercitum</span> <span class='ocrx_word' id='word_1_64' title='bbox 661 1388 884 1454; x_wconf 87' lang='lat' dir='ltr'>existimabat.</span> <span class='ocrx_word' id='word_1_65' title='bbox 914 1390 1112 1456; x_wconf 84' lang='lat' dir='ltr'>Rationems</span> 
     </span>
     <span class='ocr_line' id='line_1_12' title="bbox 103 1491 1088 1578; baseline 0.001 -21"><span class='ocrx_word' id='word_1_66' title='bbox 103 1495 217 1578; x_wconf 90' lang='lat' dir='ltr'>pontis</span> <span class='ocrx_word' id='word_1_67' title='bbox 255 1491 340 1557; x_wconf 91' lang='lat' dir='ltr'>hano</span> <span class='ocrx_word' id='word_1_68' title='bbox 381 1493 530 1558; x_wconf 91' lang='lat' dir='ltr'>instituit.</span> <span class='ocrx_word' id='word_1_69' title='bbox 575 1493 683 1576; x_wconf 83' lang='lat' dir='ltr'>Tigna</span> <span class='ocrx_word' id='word_1_70' title='bbox 716 1491 794 1557; x_wconf 92' lang='lat' dir='ltr'>bina</span> <span class='ocrx_word' id='word_1_71' title='bbox 832 1493 1088 1578; x_wconf 82' lang='lat' dir='ltr'>sesquipedalia,</span> 
     </span>
     <span class='ocr_line' id='line_1_13' title="bbox 104 1595 1090 1682; baseline 0.001 -21"><span class='ocrx_word' id='word_1_72' title='bbox 104 1595 242 1682; x_wconf 89' lang='lat' dir='ltr'>paulum</span> <span class='ocrx_word' id='word_1_73' title='bbox 272 1595 313 1660; x_wconf 91' lang='lat' dir='ltr'>ab</span> <span class='ocrx_word' id='word_1_74' title='bbox 337 1599 402 1661; x_wconf 92' lang='lat' dir='ltr'>imo</span> <span class='ocrx_word' id='word_1_75' title='bbox 427 1605 616 1681; x_wconf 87' lang='lat' dir='ltr'>praeacuta,</span> <span class='ocrx_word' id='word_1_76' title='bbox 648 1596 795 1661; x_wconf 90' lang='lat' dir='ltr'>dimensa</span> <span class='ocrx_word' id='word_1_77' title='bbox 819 1597 862 1661; x_wconf 87' lang='lat' dir='ltr'>ad</span> <span class='ocrx_word' id='word_1_78' title='bbox 885 1596 1090 1662; x_wconf 85' lang='lat' dir='ltr'>altitudinem</span> 
     </span>
     <span class='ocr_line' id='line_1_14' title="bbox 102 1698 1090 1785; baseline -0.001 -21"><span class='ocrx_word' id='word_1_79' title='bbox 102 1699 249 1764; x_wconf 87' lang='lat' dir='ltr'>fluminis</span> <span class='ocrx_word' id='word_1_80' title='bbox 272 1698 444 1764; x_wconf 90' lang='lat' dir='ltr'>intervallo</span> <span class='ocrx_word' id='word_1_81' title='bbox 462 1701 583 1784; x_wconf 88' lang='lat' dir='ltr'>pedum</span> <span class='ocrx_word' id='word_1_82' title='bbox 599 1699 737 1765; x_wconf 91' lang='lat' dir='ltr'>duorum</span> <span class='ocrx_word' id='word_1_83' title='bbox 761 1702 845 1764; x_wconf 91' lang='lat' dir='ltr'>inter</span> <span class='ocrx_word' id='word_1_84' title='bbox 869 1723 904 1765; x_wconf 91' lang='lat' dir='ltr'>se</span> <span class='ocrx_word' id='word_1_85' title='bbox 922 1700 1090 1785; x_wconf 88' lang='lat' dir='ltr'>iungebat.</span> 
     </span>
     <span class='ocr_line' id='line_1_15' title="bbox 104 1802 1113 1869; baseline 0.001 -1"><span class='ocrx_word' id='word_1_86' title='bbox 104 1804 202 1868; x_wconf 92' lang='lat' dir='ltr'>Haec</span> <span class='ocrx_word' id='word_1_87' title='bbox 225 1824 299 1867; x_wconf 92' lang='lat' dir='ltr'>cum</span> <span class='ocrx_word' id='word_1_88' title='bbox 323 1802 621 1868; x_wconf 78' lang='lat' dir='ltr'>machinationibus</span> <span class='ocrx_word' id='word_1_89' title='bbox 644 1804 791 1868; x_wconf 90' lang='lat' dir='ltr'>immissa</span> <span class='ocrx_word' id='word_1_90' title='bbox 813 1804 847 1867; x_wconf 93' lang='lat' dir='ltr'>in</span> <span class='ocrx_word' id='word_1_91' title='bbox 869 1802 990 1868; x_wconf 92' lang='lat' dir='ltr'>flumen</span> <span class='ocrx_word' id='word_1_92' title='bbox 1013 1804 1113 1869; x_wconf 76' lang='lat' dir='ltr'>defi-4</span> 
     </span>
     <span class='ocr_line' id='line_1_16' title="bbox 104 1906 1090 1991; baseline 0.002 -21"><span class='ocrx_word' id='word_1_93' title='bbox 104 1915 205 1971; x_wconf 85' lang='lat' dir='ltr'>xerat</span> <span class='ocrx_word' id='word_1_94' title='bbox 226 1907 416 1991; x_wconf 87' lang='lat' dir='ltr'>fistucisque</span> <span class='ocrx_word' id='word_1_95' title='bbox 445 1906 611 1989; x_wconf 88' lang='lat' dir='ltr'>adegerat,</span> <span class='ocrx_word' id='word_1_96' title='bbox 641 1929 707 1971; x_wconf 93' lang='lat' dir='ltr'>non</span> <span class='ocrx_word' id='word_1_97' title='bbox 739 1906 886 1972; x_wconf 92' lang='lat' dir='ltr'>sublicae</span> <span class='ocrx_word' id='word_1_98' title='bbox 908 1907 1007 1972; x_wconf 92' lang='lat' dir='ltr'>modo</span> <span class='ocrx_word' id='word_1_99' title='bbox 1041 1907 1090 1972; x_wconf 92' lang='lat' dir='ltr'>di-</span> 
     </span>
     <span class='ocr_line' id='line_1_17' title="bbox 103 2007 1091 2094; baseline 0.003 -21"><span class='ocrx_word' id='word_1_100' title='bbox 103 2018 196 2074; x_wconf 90' lang='lat' dir='ltr'>recte</span> <span class='ocrx_word' id='word_1_101' title='bbox 219 2009 263 2074; x_wconf 90' lang='lat' dir='ltr'>ad</span> <span class='ocrx_word' id='word_1_102' title='bbox 284 2007 562 2094; x_wconf 83' lang='lat' dir='ltr'>perpendiculum,</span> <span class='ocrx_word' id='word_1_103' title='bbox 594 2008 653 2073; x_wconf 90' lang='lat' dir='ltr'>sed</span> <span class='ocrx_word' id='word_1_104' title='bbox 674 2031 778 2093; x_wconf 89' lang='lat' dir='ltr'>prone</span> <span class='ocrx_word' id='word_1_105' title='bbox 799 2031 840 2086; x_wconf 90' lang='lat' dir='ltr'>ac</span> <span class='ocrx_word' id='word_1_106' title='bbox 865 2010 1031 2093; x_wconf 81' lang='lat' dir='ltr'>fastigato,</span> <span class='ocrx_word' id='word_1_107' title='bbox 1055 2022 1091 2076; x_wconf 94' lang='lat' dir='ltr'>ut</span> 
     </span>
     <span class='ocr_line' id='line_1_18' title="bbox 104 2112 1113 2199; baseline -0.001 -22"><span class='ocrx_word' id='word_1_108' title='bbox 104 2112 290 2178; x_wconf 87' lang='lat' dir='ltr'>secundum</span> <span class='ocrx_word' id='word_1_109' title='bbox 312 2121 463 2178; x_wconf 88' lang='lat' dir='ltr'>naturam</span> <span class='ocrx_word' id='word_1_110' title='bbox 483 2113 628 2177; x_wconf 90' lang='lat' dir='ltr'>fluminis</span> <span class='ocrx_word' id='word_1_111' title='bbox 645 2113 916 2199; x_wconf 83' lang='lat' dir='ltr'>procumberent;</span> <span class='ocrx_word' id='word_1_112' title='bbox 939 2113 989 2178; x_wconf 87' lang='lat' dir='ltr'>his</span> <span class='ocrx_word' id='word_1_113' title='bbox 1012 2116 1113 2180; x_wconf 80' lang='lat' dir='ltr'>items</span> 
     </span>
     <span class='ocr_line' id='line_1_19' title="bbox 103 2215 1089 2284; baseline 0.002 -3"><span class='ocrx_word' id='word_1_114' title='bbox 103 2217 272 2281; x_wconf 89' lang='lat' dir='ltr'>contraria</span> <span class='ocrx_word' id='word_1_115' title='bbox 303 2216 367 2280; x_wconf 90' lang='lat' dir='ltr'>duo</span> <span class='ocrx_word' id='word_1_116' title='bbox 392 2215 594 2281; x_wconf 83' lang='lat' dir='ltr'>adeundam</span> <span class='ocrx_word' id='word_1_117' title='bbox 617 2217 752 2281; x_wconf 90' lang='lat' dir='ltr'>modum</span> <span class='ocrx_word' id='word_1_118' title='bbox 773 2219 886 2281; x_wconf 89' lang='lat' dir='ltr'>iuncta</span> <span class='ocrx_word' id='word_1_119' title='bbox 916 2217 1089 2284; x_wconf 88' lang='lat' dir='ltr'>intervallo</span> 
     </span>
     <span class='ocr_line' id='line_1_20' title="bbox 103 2318 1088 2406; baseline 0.001 -22"><span class='ocrx_word' id='word_1_120' title='bbox 103 2319 229 2406; x_wconf 89' lang='lat' dir='ltr'>pedum</span> <span class='ocrx_word' id='word_1_121' title='bbox 251 2318 498 2405; x_wconf 89' lang='lat' dir='ltr'>quadragenum</span> <span class='ocrx_word' id='word_1_122' title='bbox 521 2319 564 2384; x_wconf 92' lang='lat' dir='ltr'>ab</span> <span class='ocrx_word' id='word_1_123' title='bbox 587 2322 742 2385; x_wconf 88' lang='lat' dir='ltr'>inferiore</span> <span class='ocrx_word' id='word_1_124' title='bbox 765 2330 858 2406; x_wconf 91' lang='lat' dir='ltr'>parte</span> <span class='ocrx_word' id='word_1_125' title='bbox 882 2330 999 2386; x_wconf 91' lang='lat' dir='ltr'>contra</span> <span class='ocrx_word' id='word_1_126' title='bbox 1021 2323 1088 2386; x_wconf 88' lang='lat' dir='ltr'>vim</span> 
     </span>
     <span class='ocr_line' id='line_1_21' title="bbox 103 2422 1112 2517; baseline -0.002 -29"><span class='ocrx_word' id='word_1_127' title='bbox 103 2434 208 2517; x_wconf 75' lang='lat' dir='ltr'>atque</span> <span class='ocrx_word' id='word_1_128' title='bbox 226 2423 384 2507; x_wconf 91' lang='lat' dir='ltr'>impetum</span> <span class='ocrx_word' id='word_1_129' title='bbox 411 2423 554 2488; x_wconf 90' lang='lat' dir='ltr'>fluminis</span> <span class='ocrx_word' id='word_1_130' title='bbox 588 2445 750 2489; x_wconf 88' lang='lat' dir='ltr'>conversa</span> <span class='ocrx_word' id='word_1_131' title='bbox 780 2422 957 2489; x_wconf 83' lang='lat' dir='ltr'>statuebat.</span> <span class='ocrx_word' id='word_1_132' title='bbox 995 2424 1112 2489; x_wconf 84' lang='lat' dir='ltr'>Haece</span> 
     </span>
     <span class='ocr_line' id='line_1_22' title="bbox 103 2524 1088 2613; baseline 0.003 -23"><span class='ocrx_word' id='word_1_133' title='bbox 103 2535 244 2609; x_wconf 88' lang='lat' dir='ltr'>utraque</span> <span class='ocrx_word' id='word_1_134' title='bbox 266 2527 401 2610; x_wconf 87' lang='lat' dir='ltr'>insuper</span> <span class='ocrx_word' id='word_1_135' title='bbox 416 2524 624 2611; x_wconf 86' lang='lat' dir='ltr'>bipedalibus</span> <span class='ocrx_word' id='word_1_136' title='bbox 641 2526 789 2591; x_wconf 82' lang='lat' dir='ltr'>trabibus</span> <span class='ocrx_word' id='word_1_137' title='bbox 804 2528 968 2611; x_wconf 85' lang='lat' dir='ltr'>immissis,</span> <span class='ocrx_word' id='word_1_138' title='bbox 987 2551 1088 2613; x_wconf 92' lang='lat' dir='ltr'>quan·</span> 
     </span>
     <span class='ocr_line' id='line_1_23' title="bbox 104 2629 1089 2713; baseline 0.004 -20"><span class='ocrx_word' id='word_1_139' title='bbox 104 2640 174 2695; x_wconf 90' lang='lat' dir='ltr'>tum</span> <span class='ocrx_word' id='word_1_140' title='bbox 199 2651 311 2693; x_wconf 88' lang='lat' dir='ltr'>eorum</span> <span class='ocrx_word' id='word_1_141' title='bbox 334 2630 499 2713; x_wconf 87' lang='lat' dir='ltr'>tignorum</span> <span class='ocrx_word' id='word_1_142' title='bbox 521 2631 672 2694; x_wconf 90' lang='lat' dir='ltr'>iunctura</span> <span class='ocrx_word' id='word_1_143' title='bbox 690 2629 846 2710; x_wconf 90' lang='lat' dir='ltr'>distabat,</span> <span class='ocrx_word' id='word_1_144' title='bbox 870 2630 957 2696; x_wconf 88' lang='lat' dir='ltr'>binis</span> <span class='ocrx_word' id='word_1_145' title='bbox 980 2634 1089 2697; x_wconf 88' lang='lat' dir='ltr'>utrim-</span> 
     </span>
     <span class='ocr_line' id='line_1_24' title="bbox 103 2730 1110 2821; baseline 0.001 -24"><span class='ocrx_word' id='word_1_146' title='bbox 103 2754 167 2818; x_wconf 91' lang='lat' dir='ltr'>que</span> <span class='ocrx_word' id='word_1_147' title='bbox 190 2730 300 2799; x_wconf 88' lang='lat' dir='ltr'>fibulis</span> <span class='ocrx_word' id='word_1_148' title='bbox 324 2731 366 2796; x_wconf 89' lang='lat' dir='ltr'>ab</span> <span class='ocrx_word' id='word_1_149' title='bbox 390 2742 537 2798; x_wconf 87' lang='lat' dir='ltr'>extrema</span> <span class='ocrx_word' id='word_1_150' title='bbox 561 2743 653 2818; x_wconf 90' lang='lat' dir='ltr'>parte</span> <span class='ocrx_word' id='word_1_151' title='bbox 677 2733 935 2815; x_wconf 87' lang='lat' dir='ltr'>distinebantur;</span> <span class='ocrx_word' id='word_1_152' title='bbox 971 2736 1110 2821; x_wconf 77' lang='lat' dir='ltr'>quibusr</span> 
     </span>
     <span class='ocr_line' id='line_1_25' title="bbox 103 2835 1088 2922; baseline 0.004 -22"><span class='ocrx_word' id='word_1_153' title='bbox 103 2835 258 2900; x_wconf 87' lang='lat' dir='ltr'>disclusis</span> <span class='ocrx_word' id='word_1_154' title='bbox 282 2845 380 2921; x_wconf 90' lang='lat' dir='ltr'>atque</span> <span class='ocrx_word' id='word_1_155' title='bbox 403 2836 437 2900; x_wconf 93' lang='lat' dir='ltr'>in</span> <span class='ocrx_word' id='word_1_156' title='bbox 460 2837 659 2901; x_wconf 88' lang='lat' dir='ltr'>contrariam</span> <span class='ocrx_word' id='word_1_157' title='bbox 674 2848 802 2922; x_wconf 88' lang='lat' dir='ltr'>partem</span> <span class='ocrx_word' id='word_1_158' title='bbox 817 2837 972 2902; x_wconf 86' lang='lat' dir='ltr'>revinctis</span> <span class='ocrx_word' id='word_1_159' title='bbox 996 2848 1088 2904; x_wconf 87' lang='lat' dir='ltr'>tanta</span> 
     </span>
     <span class='ocr_line' id='line_1_26' title="bbox 101 2937 1086 3025; baseline 0.003 -22"><span class='ocrx_word' id='word_1_160' title='bbox 101 2947 174 3003; x_wconf 89' lang='lat' dir='ltr'>erat</span> <span class='ocrx_word' id='word_1_161' title='bbox 198 2939 306 3023; x_wconf 91' lang='lat' dir='ltr'>operis</span> <span class='ocrx_word' id='word_1_162' title='bbox 335 2937 501 3004; x_wconf 89' lang='lat' dir='ltr'>firmitudo</span> <span class='ocrx_word' id='word_1_163' title='bbox 530 2949 628 3024; x_wconf 89' lang='lat' dir='ltr'>atque</span> <span class='ocrx_word' id='word_1_164' title='bbox 659 2963 699 3004; x_wconf 93' lang='lat' dir='ltr'>ea</span> <span class='ocrx_word' id='word_1_165' title='bbox 732 2964 838 3005; x_wconf 89' lang='lat' dir='ltr'>rerum</span> <span class='ocrx_word' id='word_1_166' title='bbox 874 2950 1002 3025; x_wconf 84' lang='lat' dir='ltr'>natura,</span> <span class='ocrx_word' id='word_1_167' title='bbox 1040 2954 1086 3020; x_wconf 84' lang='lat' dir='ltr'>ut,</span> 
     </span>
     <span class='ocr_line' id='line_1_27' title="bbox 102 3043 1085 3127; baseline 0.004 -21"><span class='ocrx_word' id='word_1_168' title='bbox 102 3065 168 3127; x_wconf 91' lang='lat' dir='ltr'>quo</span> <span class='ocrx_word' id='word_1_169' title='bbox 186 3043 293 3105; x_wconf 91' lang='lat' dir='ltr'>maior</span> <span class='ocrx_word' id='word_1_170' title='bbox 314 3043 364 3105; x_wconf 90' lang='lat' dir='ltr'>vis</span> <span class='ocrx_word' id='word_1_171' title='bbox 388 3063 494 3126; x_wconf 89' lang='lat' dir='ltr'>aquae</span> <span class='ocrx_word' id='word_1_172' title='bbox 518 3065 553 3106; x_wconf 89' lang='lat' dir='ltr'>se</span> <span class='ocrx_word' id='word_1_173' title='bbox 576 3045 788 3122; x_wconf 85' lang='lat' dir='ltr'>incitavisset,</span> <span class='ocrx_word' id='word_1_174' title='bbox 812 3045 874 3109; x_wconf 90' lang='lat' dir='ltr'>hoe</span> <span class='ocrx_word' id='word_1_175' title='bbox 898 3047 1000 3109; x_wconf 88' lang='lat' dir='ltr'>artius</span> <span class='ocrx_word' id='word_1_176' title='bbox 1024 3045 1085 3110; x_wconf 91' lang='lat' dir='ltr'>illi-</span> 
     </span>
     <span class='ocr_line' id='line_1_28' title="bbox 104 3145 1110 3230; baseline 0.003 -19"><span class='ocrx_word' id='word_1_177' title='bbox 104 3156 187 3230; x_wconf 89' lang='lat' dir='ltr'>gata</span> <span class='ocrx_word' id='word_1_178' title='bbox 211 3153 407 3210; x_wconf 90' lang='lat' dir='ltr'>tenerentur.</span> <span class='ocrx_word' id='word_1_179' title='bbox 436 3145 530 3210; x_wconf 90' lang='lat' dir='ltr'>Haec</span> <span class='ocrx_word' id='word_1_180' title='bbox 559 3146 685 3211; x_wconf 89' lang='lat' dir='ltr'>directa</span> <span class='ocrx_word' id='word_1_181' title='bbox 707 3149 844 3211; x_wconf 88' lang='lat' dir='ltr'>materia</span> <span class='ocrx_word' id='word_1_182' title='bbox 866 3149 985 3212; x_wconf 88' lang='lat' dir='ltr'>iniecta</span> <span class='ocrx_word' id='word_1_183' title='bbox 1009 3171 1110 3214; x_wconf 82' lang='lat' dir='ltr'>con-s</span> 
     </span>
     <span class='ocr_line' id='line_1_29' title="bbox 102 3248 1086 3335; baseline 0.003 -22"><span class='ocrx_word' id='word_1_184' title='bbox 102 3248 302 3314; x_wconf 85' lang='lat' dir='ltr'>texebantur</span> <span class='ocrx_word' id='word_1_185' title='bbox 321 3270 361 3313; x_wconf 93' lang='lat' dir='ltr'>ae</span> <span class='ocrx_word' id='word_1_186' title='bbox 377 3249 533 3332; x_wconf 89' lang='lat' dir='ltr'>longuriis</span> <span class='ocrx_word' id='word_1_187' title='bbox 550 3249 759 3334; x_wconf 88' lang='lat' dir='ltr'>cratibusque</span> <span class='ocrx_word' id='word_1_188' title='bbox 776 3251 1086 3335; x_wconf 79' lang='lat' dir='ltr'>consternebantur3</span> 
     </span>
     <span class='ocr_line' id='line_1_30' title="bbox 103 3351 1111 3440; baseline 0.004 -23"><span class='ocrx_word' id='word_1_189' title='bbox 103 3375 144 3417; x_wconf 90' lang='lat' dir='ltr'>ac</span> <span class='ocrx_word' id='word_1_190' title='bbox 168 3351 274 3417; x_wconf 92' lang='lat' dir='ltr'>nihilo</span> <span class='ocrx_word' id='word_1_191' title='bbox 304 3354 410 3417; x_wconf 88' lang='lat' dir='ltr'>secius</span> <span class='ocrx_word' id='word_1_192' title='bbox 440 3351 587 3416; x_wconf 90' lang='lat' dir='ltr'>sublicae</span> <span class='ocrx_word' id='word_1_193' title='bbox 617 3362 649 3418; x_wconf 88' lang='lat' dir='ltr'>et</span> <span class='ocrx_word' id='word_1_194' title='bbox 678 3354 721 3417; x_wconf 91' lang='lat' dir='ltr'>ad</span> <span class='ocrx_word' id='word_1_195' title='bbox 751 3355 934 3419; x_wconf 90' lang='lat' dir='ltr'>inferiorem</span> <span class='ocrx_word' id='word_1_196' title='bbox 960 3365 1111 3440; x_wconf 82' lang='lat' dir='ltr'>parteme</span> 
     </span>
     <span class='ocr_line' id='line_1_31' title="bbox 102 3454 1088 3542; baseline 0.006 -23"><span class='ocrx_word' id='word_1_197' title='bbox 102 3456 247 3520; x_wconf 91' lang='lat' dir='ltr'>fluminis</span> <span class='ocrx_word' id='word_1_198' title='bbox 279 3455 410 3540; x_wconf 90' lang='lat' dir='ltr'>oblique</span> <span class='ocrx_word' id='word_1_199' title='bbox 444 3454 636 3539; x_wconf 88' lang='lat' dir='ltr'>agebantur,</span> <span class='ocrx_word' id='word_1_200' title='bbox 672 3479 756 3542; x_wconf 87' lang='lat' dir='ltr'>quae</span> <span class='ocrx_word' id='word_1_201' title='bbox 791 3479 849 3542; x_wconf 91' lang='lat' dir='ltr'>pro</span> <span class='ocrx_word' id='word_1_202' title='bbox 879 3459 980 3523; x_wconf 89' lang='lat' dir='ltr'>ariete</span> <span class='ocrx_word' id='word_1_203' title='bbox 1014 3459 1088 3525; x_wconf 92' lang='lat' dir='ltr'>sub-</span> 
     </span>
     <span class='ocr_line' id='line_1_32' title="bbox 103 3559 1088 3643; baseline 0.005 -23"><span class='ocrx_word' id='word_1_204' title='bbox 103 3559 211 3622; x_wconf 88' lang='lat' dir='ltr'>iectae</span> <span class='ocrx_word' id='word_1_205' title='bbox 242 3568 371 3623; x_wconf 90' lang='lat' dir='ltr'>etcum</span> <span class='ocrx_word' id='word_1_206' title='bbox 403 3561 488 3623; x_wconf 90' lang='lat' dir='ltr'>omni</span> <span class='ocrx_word' id='word_1_207' title='bbox 514 3580 611 3643; x_wconf 91' lang='lat' dir='ltr'>opere</span> <span class='ocrx_word' id='word_1_208' title='bbox 635 3562 829 3624; x_wconf 90' lang='lat' dir='ltr'>coniunctae</span> <span class='ocrx_word' id='word_1_209' title='bbox 858 3562 925 3624; x_wconf 90' lang='lat' dir='ltr'>vim</span> <span class='ocrx_word' id='word_1_210' title='bbox 946 3561 1088 3626; x_wconf 89' lang='lat' dir='ltr'>fluminis</span> 
     </span>
    </p>
   </div>
   <div class='ocr_carea' id='block_1_3' title="bbox 0 0 1220 4028">
    <p class='ocr_par' dir='ltr' id='par_1_4' title="bbox 0 0 1220 4028">
     <span class='ocr_line' id='line_1_33' title="bbox 0 0 1220 4028; baseline 0 0"><span class='ocrx_word' id='word_1_211' title='bbox 0 0 1220 4028; x_wconf 95' lang='lat' dir='ltr'> </span> 
     </span>
    </p>
   </div>
  </div>
 </body>
</html>
