2430 4028
399 251 511 300 nmen
528 251 573 315 vn
594 251 669 301 err.
691 250 798 302 13-1'1.
1030 249 1090 314 153

107 451 169 508 aut
190 444 254 530 ipsi
277 442 414 510 iniurias
436 442 592 507 inferrent
620 450 678 506 aut
700 441 809 506 illatas
832 441 1090 528 propulsarent),

108 569 224 612 omnes
252 548 288 610 in
309 545 397 611 bello
420 554 602 629 versantur,
632 555 732 631 atque
754 567 867 610 eorum
896 554 932 610 ut
954 546 1113 630 quisqucr

106 659 160 715 est
184 671 302 734 genere
330 650 499 735 copiisque
522 648 752 734 amplissimus,
782 651 830 715 ita
851 647 1007 733 plurimos
1031 650 1090 712 cir·

107 777 186 819 cum
214 776 249 818 se
278 752 448 818 ambactos
481 751 683 838 clientesque
711 751 819 818 habet.
848 753 945 817 Hanc
989 774 1089 818 unam

105 859 253 942 gratiam
274 858 520 942 potentiamque
543 866 713 922 noverunt.

197 960 248 1026 16.
270 960 368 1026 Natio
392 970 442 1026 est
466 961 571 1026 omnis
589 959 762 1026 Gallorum
785 959 964 1026 admodum
980 959 1090 1026 dedita

104 1064 334 1150 religionibus,
358 1073 456 1149 atque
479 1062 521 1129 ob
544 1086 617 1130 eam
633 1086 779 1145 causam,
805 1066 859 1147 qui
883 1073 959 1128 sunt
981 1064 1112 1130 affectio

106 1167 319 1254 gravioribus
348 1166 473 1233 morbis
502 1169 622 1254 quique
649 1170 683 1232 in
716 1167 847 1254 proeliis
871 1166 1091 1252 periculisque

104 1281 296 1354 versantur,
327 1280 384 1336 aut
412 1293 471 1355 pro
494 1272 636 1336 victimis
664 1271 813 1336 homines
842 1269 1013 1335 immolant
1035 1278 1092 1334 aut

106 1399 143 1441 se
168 1360 397 1441 immolaturos
423 1382 552 1456 vovent,
576 1373 842 1460 administrisque
864 1373 907 1438 ad
930 1396 970 1439 ea
992 1375 1113 1438 sacri-s

103 1479 184 1544 ficia
207 1477 380 1544 druidibus
403 1487 547 1556 utuntur,
566 1478 664 1564 quod,
688 1501 747 1564 pro
773 1481 842 1543 vita
863 1478 1004 1543 hominis
1027 1479 1090 1542 nisi

105 1584 249 1648 hominis
279 1583 348 1647 vita
376 1582 543 1657 reddatur,
573 1604 639 1646 non
668 1605 765 1668 posse
793 1582 928 1647 deorum
961 1584 1091 1648 immor·

104 1686 221 1751 talium
238 1682 495 1770 numenplacari
511 1685 720 1767 arbitrantur,
734 1684 928 1770 publiceque
945 1685 1091 1750 eiusdem

105 1792 240 1875 generis
251 1788 374 1854 habent
389 1791 539 1854 instituta
554 1788 726 1854 sacrificia.
741 1789 805 1854 Alii
821 1788 955 1853 immani
967 1791 1113 1872 magni-4

106 1893 223 1960 tudine
240 1892 418 1958 simulacra
434 1892 565 1975 babent,
583 1915 720 1978 quorum
744 1902 899 1958 contexta
914 1893 1091 1958 viminibus

104 1996 256 2062 membra
274 1998 358 2062 vivis
375 1995 561 2062 hominibus
579 1996 761 2083 complent;
786 1997 903 2082 quibus
923 1999 1091 2061 succensis

105 2103 323 2166 circumventi
364 2102 497 2167 flamma
536 2105 768 2168 exanimantur
805 2101 963 2167 homines.
1007 2100 1113 2187 Sup-⁵

103 2204 207 2289 plicia
224 2226 346 2284 eorum,
363 2208 419 2291 qui
441 2209 475 2271 in
491 2206 578 2271 furto
595 2208 700 2270 autin
717 2206 888 2270 latrocinio
906 2215 962 2270 aut
980 2204 1091 2291 aliqua

103 2309 208 2374 noxia
238 2309 302 2372 sint
330 2309 574 2395 comprehensi,
604 2312 750 2393 gratiora
775 2309 825 2375 dis
854 2308 1090 2375 immortalibus

104 2434 179 2477 esse
209 2410 427 2494 arbitrantur,
463 2413 531 2496 sed,
563 2435 637 2476 cum
661 2415 729 2478 eius
759 2414 886 2496 generis
917 2413 1013 2497 copia
1037 2412 1090 2475 de-

104 2515 195 2597 fecit,
218 2515 319 2580 etiam
341 2516 385 2580 ad
406 2517 628 2581 innocentium
654 2515 816 2601 supplicia
832 2515 1046 2584 descendunt.

195 2596 243 2680 1⁸7.
273 2618 381 2684 Deum
414 2619 557 2684 maxime
594 2619 795 2684 Mercurium
831 2618 959 2683 colunt:
995 2618 1090 2684 huius

104 2730 181 2786 sunt
209 2719 350 2807 plurima
375 2720 565 2803 simulacra3
599 2719 686 2785 hunc
716 2723 860 2786 omnium
889 2723 1090 2786 inventorem

104 2825 226 2889 artium
249 2824 371 2907 ferunt,
403 2823 490 2888 hunc
512 2826 640 2888 viarum
666 2833 763 2910 atque
786 2828 937 2890 itinerum
962 2825 1089 2905 ducem,

103 2927 192 2993 hunc
223 2927 267 2992 ad
291 2937 447 3015 quaestus
477 2930 639 3015 pecuniae
667 2938 935 3014 mercaturasque
968 2927 1090 2993 habere

103 3037 170 3100 vim
193 3034 373 3098 maximam
396 3032 607 3099 arbitrantur.
635 3033 715 3097 Post
736 3033 823 3097 hunc
846 3031 1035 3117 Apollinem
1059 3042 1111 3096 ete

103 3137 247 3202 Martem
268 3145 302 3200 et
317 3136 430 3201 Iovem
454 3137 692 3201 etMinervam.
717 3136 769 3200 De
784 3135 833 3199 his
851 3135 989 3200 eandem
1011 3136 1089 3217 fere,

104 3264 204 3327 quam
219 3239 366 3327 reliquae
388 3248 513 3324 gentes,
534 3239 659 3304 habent
683 3240 885 3322 opinionem:
902 3237 1089 3322 Apollinem

104 3344 239 3411 morbos
264 3342 435 3429 depellere,
460 3343 644 3408 Minervam
668 3363 804 3427 operum
819 3351 920 3426 atque
936 3340 1089 3406 artificio·

104 3470 175 3513 rum
192 3447 286 3511 initia
297 3447 436 3523 tradere,
450 3446 563 3510 Iovem
580 3446 754 3528 imperium
768 3443 1088 3524 caelestiumtenere,

104 3551 245 3616 Martem
275 3549 362 3615 bella
384 3572 508 3634 regere.
554 3549 659 3631 Huic,
684 3571 758 3612 cum
781 3547 905 3633 proelio
932 3548 1110 3613 dimicares
