2430 4028
123 277 166 342 48
427 277 477 327 DE
496 278 617 328 BELLO
637 277 796 329 GALLICO

126 469 205 549 deri,
230 478 265 534 ut
288 469 410 535 diutius
433 478 638 534 morarentur
653 491 759 554 neque
776 470 844 535 suis
860 469 1021 536 auxilium
1045 472 1110 537 fer·

124 565 207 634 rent,
229 577 296 621 non
319 564 459 641 poterat.

212 660 261 723 11.
288 661 337 725 Ea
352 684 388 725 re
410 662 588 726 constituta
604 660 751 726 secunda
765 660 878 744 vigilia
893 682 1015 745 magno
1031 684 1111 730 cum

125 766 263 849 strepitu
285 786 325 829 ac
341 763 482 830 tumultu
498 766 617 830 castris
633 767 756 848 egressi
771 763 860 830 nullo
884 774 972 831 certo
991 765 1110 832 ordine

123 890 229 953 neque
259 869 413 954 imperio,
443 891 518 934 cum
548 868 610 934 sibi
644 871 782 954 quisque
811 871 951 954 primum
980 871 1110 937 itineris

124 971 233 1038 locum
256 982 383 1057 peteret
399 981 433 1038 et
455 971 588 1038 domum
604 975 774 1058 pervenire
792 982 995 1059 properaret,
1018 973 1110 1040 fece·

103 1086 210 1152 2runt,
234 1087 270 1141 ut
285 1076 465 1142 consimilis
481 1075 579 1160 fugae
595 1076 756 1162 profectio
773 1075 948 1142 videretur.
972 1077 1050 1142 Hac
1074 1101 1108 1144 re

125 1181 237 1245 statim
253 1178 377 1244 Caesar
399 1202 458 1264 per
482 1178 705 1265 speculatores
734 1182 869 1264 cognita
893 1179 1032 1246 insidias
1056 1205 1109 1248 ve

123 1284 215 1358 ritus,
240 1282 338 1368 quod,
362 1305 428 1368 qua
450 1282 491 1347 de
507 1304 609 1348 causa
626 1282 840 1364 discederent,
863 1284 1012 1349 nondum
1034 1306 1107 1370 pcr-

124 1399 287 1474 spexerat,
314 1389 495 1453 exercitum
519 1390 761 1473 equitatumque
789 1391 907 1453 castris
930 1390 1106 1455 continuit.

102 1492 233 1561 sPrima
255 1491 328 1556 luce
351 1491 544 1557 confirmata
566 1514 601 1555 re
624 1490 668 1555 ab
684 1490 949 1576 exploratoribus
973 1513 1106 1559 omnem

124 1598 317 1681 equitatum,
343 1599 398 1682 qui
413 1597 629 1661 novissimum
654 1618 769 1680 agmen
793 1603 987 1678 moraretur,
1013 1619 1107 1682 prae

125 1702 226 1765 misit.
242 1700 304 1764 His
317 1699 475 1779 Quintum
492 1700 630 1764 Pedium
642 1708 675 1764 et
690 1699 830 1764 Lucium
846 1697 1106 1766 Aurunculeium

124 1801 255 1868 Cottam
278 1803 406 1886 legatos
429 1802 599 1888 praefecit.
625 1804 734 1867 Titum
751 1801 934 1867 Labienum
957 1802 1106 1886 legatum

101 1931 198 1976 rcum
213 1906 399 1991 legionibus
415 1906 519 1972 tribus
536 1906 691 1993 subsequi
707 1909 811 1971 iussit.
835 1908 879 1971 Hi
903 1908 1104 1974 novissimos

124 2012 231 2077 adorti
261 2020 294 2075 et
321 2010 425 2076 multa
454 2011 546 2076 milia
575 2033 732 2097 passuum
759 2013 925 2096 prosecuti
947 2032 1105 2095 magnam

124 2115 365 2180 multitudinem
382 2137 495 2180 eorum
510 2116 704 2199 fugientium
720 2115 943 2198 conciderunt,
967 2137 1045 2182 cum
1061 2116 1104 2182 ab

124 2229 271 2284 extremo
296 2219 435 2304 agmine,
459 2218 503 2282 ad
518 2240 600 2304 quos
624 2229 756 2284 ventum
779 2229 860 2302 erat,
885 2223 1105 2287 consisterent

123 2325 314 2409 fortiterque
336 2325 493 2409 impetum
516 2332 706 2389 nostrorum
728 2323 867 2389 militum
893 2325 1104 2407 sustinerent,

101 2428 264 2512 spriores,
301 2426 387 2513 quod
417 2427 534 2492 abesse
558 2451 577 2492 a
603 2426 749 2512 periculo
782 2427 969 2493 viderentur
996 2450 1103 2514 neque

123 2532 191 2596 ulla
213 2533 411 2596 necessitate
433 2553 538 2616 neque
560 2532 696 2616 imperio
720 2535 978 2608 continerentur,
1002 2554 1104 2597 exau·

124 2637 191 2700 dito
221 2635 364 2700 clamore
393 2634 592 2720 perturbatis
623 2635 792 2701 ordinibus
823 2658 934 2701 omnes
964 2637 999 2700 in
1022 2636 1103 2721 fuga

101 2739 185 2805 ssibi
220 2740 420 2825 praesidium
454 2749 623 2823 ponerent.
668 2740 720 2804 Ita
754 2741 823 2805 sine
857 2739 923 2804 ullo
953 2740 1101 2824 periculo

123 2852 249 2907 tantam
287 2864 399 2905 eorum
436 2841 677 2906 multitudinem
714 2843 817 2907 nostri
855 2842 1100 2926 interfecerunt,

123 2956 281 3031 quantum
308 2947 371 3011 fuit
399 2946 463 3011 diei
492 2949 650 3032 spatium,
682 2947 742 3011 sub
773 2968 991 3032 occasumque
1021 2948 1102 3014 eolis

123 3051 316 3115 destiterunt
339 3071 438 3135 seque
460 3053 495 3114 in
518 3060 643 3131 castra,
672 3060 708 3115 ut
730 3060 801 3116 erat
822 3054 1029 3137 imperatum,
1052 3075 1101 3118 re·

123 3163 290 3239 ceperunt.

209 3258 260 3320 12.
295 3259 458 3323 Postridie
487 3263 556 3324 eius
587 3260 651 3323 diei
675 3259 813 3335 Caesar,
842 3261 1035 3345 priusquam
1065 3285 1101 3328 se

122 3362 232 3428 hostes
256 3373 442 3428 exterrere
468 3385 507 3428 ac
530 3364 609 3447 fuga
631 3366 824 3449 reciperent,
847 3365 882 3428 in
904 3362 985 3429 fines
1002 3363 1100 3432 Sues-

123 3469 266 3549 sionum,
297 3467 352 3552 qui
374 3466 516 3552 proximi
537 3467 647 3531 Remis
669 3476 777 3550 erant,
801 3469 982 3533 exereitum
1005 3470 1102 3536 duxit

123 3582 155 3636 ct
176 3593 296 3653 magno
320 3572 433 3635 itinere
457 3570 607 3635 confecto
637 3570 680 3634 ad
708 3570 864 3655 oppidum
887 3570 1099 3639 Novioduum
