2430 4028
124 284 184 350 108
431 283 481 331 DE
499 280 620 332 BELLO
642 274 801 331 GALLICO

121 474 346 559 navigandum
369 484 467 561 atque
485 474 635 540 omuibus
650 473 747 539 rebus
769 476 946 539 instructas
968 475 1106 539 invenit.

100 578 250 649 allodem
284 580 448 663 equitatus
482 579 582 642 totius
618 576 747 642 Galliae
781 578 935 642 convenit
967 598 1104 642 numero

123 681 245 747 milium
277 690 433 767 quattuor
457 682 687 768 principesque
714 706 757 747 ex
787 679 938 747 omnibus
965 682 1106 746 civitati·

100 786 199 868 rbus,
222 809 265 850 ex
288 784 406 872 quibus
422 807 616 872 perpaucos,
640 808 777 872 quorum
798 787 832 849 10
855 808 891 850 00
913 784 1015 851 fidem
1038 807 1108 871 per-

122 899 287 975 spexerat,
303 889 486 975 relinquere
510 891 543 953 10
560 887 681 971 Gallia,
699 888 843 974 reliquos
859 886 1013 954 obsidum
1032 888 1105 954 loco

124 1016 235 1059 secum
258 993 378 1059 ducere
401 994 608 1077 decreverat,
643 993 742 1078 quod,
766 993 933 1078 cumipse
963 991 1107 1074 abesset,

123 1107 248 1163 motum
272 1094 402 1161 Galliae
423 1095 607 1161 verebatur.

216 1201 245 1264 6.
270 1202 352 1266 Erat
375 1224 440 1265 una
463 1223 538 1265 cum
560 1202 677 1265 ceteris
693 1201 880 1266 Dumnorix
897 1198 1046 1282 Aeduus,
1070 1199 1109 1264 de

126 1328 189 1390 quo
213 1316 289 1371 ante
313 1305 355 1369 ab
379 1305 474 1369 nobis
498 1303 704 1368 dictumest.
729 1303 826 1368 Hunc
851 1324 964 1368 secum
984 1302 1108 1369 habere

125 1409 294 1493 inprimis
328 1407 557 1490 constituerat,
593 1406 681 1492 quod
709 1429 780 1471 eum
814 1405 970 1491 cupidum
999 1429 1109 1472 rerum

125 1534 299 1591 novarum,
334 1511 490 1596 cupidum
521 1512 664 1597 imperii,
688 1511 798 1594 magni
823 1511 932 1586 animi,
967 1533 1109 1596 magnae

104 1619 210 1680 rinter
226 1614 342 1680 Gallos
366 1615 571 1680 auctoritatis
588 1623 798 1698 cognoverat.
822 1611 1018 1680 Accedebat
1033 1614 1109 1688 hnc,

127 1719 216 1806 quod
238 1721 270 1783 in
295 1718 434 1784 concilio
458 1717 647 1783 Aeduorum
670 1717 855 1810 Dumnorix
878 1716 1020 1801 dixerat,
1049 1717 1109 1784 sibi

127 1845 148 1888 a
171 1821 314 1888 Caesare
349 1843 484 1906 regnum
517 1822 659 1886 civitatis
694 1820 828 1903 deferri3
867 1819 955 1906 quod
987 1821 1110 1888 dictum

128 1926 236 1991 Aedui
259 1928 404 2010 graviter
425 1924 576 1990 ferebant
598 1948 705 2011 neque
727 1925 901 1991 recusandi
923 1934 982 1991 aut
997 1925 1111 2014 depre-

129 2030 228 2094 candi
251 2052 353 2095 causa
376 2029 505 2115 legatos
529 2029 573 2093 ad
589 2026 764 2094 Caesarem
781 2032 908 2094 mittere
931 2027 1111 2095 audebant.

128 2136 168 2200 ld
197 2136 321 2199 factum
352 2158 394 2198 ex
426 2136 492 2198 suis
527 2132 711 2221 hospitibus
743 2134 868 2200 Caesar
897 2143 1111 2219 cognoverat.

108 2238 189 2302 ellle
213 2237 363 2304 omnibus
386 2239 491 2323 primo
510 2236 665 2322 precibus
688 2247 798 2322 petere
814 2238 995 2317 contendit,
1020 2239 1112 2303 utin

132 2339 244 2405 Gallia
259 2340 503 2427 relinqueretur,
518 2342 646 2426 partim,
663 2340 751 2425 quod
766 2343 913 2406 insuetus
932 2340 1113 2425 navigandi

130 2467 221 2510 mare
237 2447 374 2520 timeret,
392 2447 522 2530 partim,
541 2443 629 2530 quod
645 2443 856 2528 religionibus
873 2443 1026 2530 impediri
1044 2465 1113 2510 0000

109 2549 264 2614 adiceret.
287 2550 509 2635 Posteaquam
537 2548 570 2612 id
596 2547 758 2612 obstinate
788 2545 851 2612 sibi
880 2549 994 2632 negari
1020 2547 1114 2624 vidit,

132 2652 219 2716 omni
237 2674 295 2737 spe
311 2651 508 2736 impetrandi
524 2652 681 2735 adempta
696 2652 862 2737 principes
875 2648 1007 2716 Galliae
1026 2649 1114 2715 solli·

130 2759 241 2839 citare,
267 2778 422 2821 sevocare
451 2757 596 2840 singulos
625 2755 813 2840 hortarique
844 2755 971 2839 coepit,
1008 2757 1058 2820 uti
1080 2757 1112 2819 10

111 2861 314 2923 scontinonti
351 2869 578 2941 remanerent3
617 2867 705 2923 metu
741 2860 910 2922 territare:
947 2880 1014 2923 non
1048 2860 1115 2923 sine

135 2984 236 3028 causa
265 2962 350 3039 fieri,
380 2972 416 3027 ut
439 2960 551 3026 Gellia
581 2963 668 3027 omni
699 2960 872 3026 nobilitato
901 2959 1115 3045 spoliaretur,

134 3067 168 3130 id
191 3089 263 3132 esse
292 3064 464 3130 consilium
489 3063 659 3148 Caesaris,
696 3074 741 3147 ut,
766 3088 848 3152 quos
871 3067 905 3131 in
934 3074 1116 3149 conspectu

136 3169 265 3234 Galliae
294 3169 475 3234 interficere
499 3178 681 3253 vereretur,
710 3169 771 3234 hos
796 3191 908 3234 omnes
931 3170 965 3232 in
988 3168 1117 3233 Britan-

114 3276 225 3338 oniam
247 3273 417 3339 traductos
440 3283 591 3355 necaret3
620 3273 717 3338 fidem
741 3272 874 3358 reliquis
897 3274 1117 3357 interponere,

136 3375 362 3441 iusiurandum
384 3398 531 3461 poscere,
554 3385 600 3458 ut,
632 3375 719 3460 quod
741 3398 814 3440 0000
837 3398 880 3439 ex
902 3396 964 3438 usu
987 3372 1119 3440 Galliac

136 3479 384 3561 intellexissent,
399 3480 563 3544 communi
575 3477 713 3543 consilio
730 3477 1008 3543 administrarent.
1024 3476 1119 3543 Haec

137 3606 157 3647 a
181 3581 403 3668 compluribus
427 3583 469 3647 ad
494 3580 669 3647 Caesarem
693 3580 932 3646 deferebantur.
