2430 4028
398 263 508 312 nmen
525 263 571 326 vr,
596 261 672 313 olr.
690 265 801 314 or-41.
1025 262 1086 327 167

191 448 244 514 40.
269 448 408 516 Calones
432 452 465 515 in
488 452 674 536 proximum
697 450 856 517 tumulum
879 460 1086 536 procurrunt.

104 551 194 618 Hinc
228 552 376 618 celeriter
408 553 526 618 deiecti
561 576 596 617 se
632 555 666 618 in
705 556 799 638 signa
836 553 1087 639 manipulosque

103 658 287 740 coniciunt,
311 681 350 722 eo
374 660 480 742 magis
504 657 635 723 timidos
658 667 839 743 perterrent
858 657 984 722 milites.
1010 656 1110 739 Aliis

103 783 210 826 cuneo
234 761 322 827 facto
355 771 390 827 ut
421 763 569 828 celeriter
591 772 814 848 perrumpant,
837 772 983 840 censent,
1007 783 1086 846 quo·

104 868 196 930 niam
220 874 287 931 tam
310 868 517 952 proquinqua
541 867 605 931 sint
628 875 748 949 castra,
772 875 805 931 et
828 867 854 930 si
877 887 954 952 pars
977 864 1089 950 aliqua

102 971 328 1036 circumventa
362 970 548 1049 ceciderit,
587 980 621 1034 at
654 970 795 1057 reliquos
831 971 955 1034 servari
989 991 1087 1052 posse

103 1073 297 1156 confidunt;
320 1073 385 1152 alii,
410 1084 445 1138 ut
467 1076 501 1138 in
523 1075 599 1159 iugo
624 1077 806 1139 consistant
829 1082 927 1158 atque
949 1072 1110 1137 eundemr

104 1197 220 1251 omnes
243 1177 351 1243 ferant
373 1199 496 1243 casum.
530 1177 605 1242 Hoc
628 1186 755 1243 veteres
778 1199 844 1242 non
868 1175 1009 1261 probant
1031 1177 1111 1240 mir

104 1279 191 1360 lites,
217 1301 298 1364 quos
323 1280 382 1345 sub
406 1280 528 1344 vexillo
552 1303 618 1345 una
635 1281 799 1366 profectos
823 1280 1003 1345 docuimus.
1028 1280 1091 1344 lta-

104 1405 169 1469 que
191 1385 276 1448 inter
299 1407 334 1449 se
357 1384 521 1449 cohortati
545 1383 627 1449 duce
652 1383 736 1449 Gaio
761 1383 945 1458 Trebonio,
980 1383 1089 1468 equite

103 1487 268 1570 Romano,
292 1489 346 1574 qui
378 1489 425 1552 eis
454 1496 525 1552 erat
547 1490 771 1574 praepositus,
803 1511 861 1572 per
883 1487 1009 1552 medios
1030 1485 1090 1550 ho·

103 1600 173 1656 stes
196 1599 409 1676 perrumpunt
437 1589 678 1678 incolumesqse
708 1591 751 1655 ad
781 1614 881 1656 unum
912 1611 1025 1655 omnes
1057 1590 1090 1652 in

104 1703 219 1759 castra
240 1694 443 1778 perveniunt.
466 1693 538 1759 Hos
563 1693 727 1757 subsecuti
745 1694 878 1758 calones
901 1695 1112 1778 equitesque5

105 1797 226 1864 eodem
249 1799 372 1882 impetu
395 1796 532 1861 militum
557 1798 677 1863 virtute
702 1806 881 1862 servantur.
906 1796 950 1860 At
977 1797 1010 1877 ii,
1036 1797 1113 1879 quio

105 1904 139 1966 in
163 1903 242 1984 iugo
262 1901 485 1978 constiterant,
510 1899 598 1964 nullo
624 1903 723 1964 etiam
746 1921 833 1964 nunc
856 1922 917 1964 usu
940 1900 986 1963 rei
1010 1897 1092 1963 mili·

104 2006 187 2069 taris
212 2011 366 2088 percepto
390 2023 494 2088 neque
517 2004 548 2066 in
574 2024 623 2084 eo,
648 2002 736 2088 quod
759 2002 989 2086 probaverant,
1015 2023 1091 2065 con-

106 2107 180 2174 silio
212 2128 419 2191 permanere,
453 2115 490 2169 ut
513 2129 547 2170 se
571 2105 644 2170 loco
669 2107 836 2192 superiore
867 2104 1091 2182 defenderent,

107 2232 217 2296 neque
240 2232 323 2288 eam,
347 2231 446 2295 quam
462 2209 618 2293 prodesse
641 2209 714 2274 aliis
738 2211 804 2275 vim
827 2209 1093 2294 celeritatemque

104 2314 272 2386 viderant,
290 2314 412 2378 imitari
429 2321 615 2398 potuerunt,
633 2312 691 2376 sed
715 2336 750 2377 se
772 2314 804 2377 in
822 2320 932 2377 castra
948 2314 1093 2395 recipere

105 2419 220 2483 conati
243 2418 389 2502 iniquum
420 2420 454 2480 in
476 2417 586 2482 locum
609 2417 819 2482 demiserunt.
864 2416 1114 2499 Centuriones,r

106 2541 249 2607 quorum
271 2519 419 2585 nonnulli
449 2541 490 2583 ex
512 2520 723 2584 inferioribus
754 2519 922 2585 ordinibus
951 2519 1092 2605 reliqua-

106 2647 181 2690 rum
215 2623 380 2707 legionum
412 2625 539 2688 virtutis
575 2646 677 2688 causa
710 2625 743 2688 in
783 2627 966 2710 superiores
1000 2633 1093 2687 erant

110 2727 244 2794 ordines
269 2727 364 2792 huius
387 2725 527 2809 legionis
550 2726 703 2810 traducti,
732 2750 774 2791 ne
797 2737 872 2792 ante
895 2736 1026 2812 partam
1048 2727 1094 2791 rei

107 2831 261 2898 militaris
295 2829 427 2894 laudem
461 2831 665 2907 amitterent,
699 2831 877 2894 fortissime
911 2838 1094 2913 pugnantes

108 2932 335 2999 conciderunt.
381 2932 520 2996 Militum
543 2955 620 3019 pars
644 2933 760 2998 horum
782 2934 902 2997 virtute
935 2931 1117 2997 submotiss

109 3035 263 3103 hostibus
286 3044 416 3120 praeter
439 3058 529 3122 spem
553 3035 725 3101 incolumis
747 3037 779 3100 in
803 3046 914 3100 castra
936 3037 1094 3121 pervenit,

112 3163 192 3227 pars
216 3163 237 3204 a
259 3136 411 3204 barbaris
435 3141 658 3204 circumventa
682 3140 787 3224 periit.

199 3243 252 3306 41.
277 3241 433 3306 Germani
451 3241 625 3327 desperata
642 3245 886 3327 expugnatione
902 3251 1096 3320 castrorum,

111 3346 201 3434 quod
230 3354 362 3410 nostros
392 3347 458 3409 iam
481 3346 668 3410 constitisse
696 3348 730 3409 in
753 3344 988 3411 munitionibus
1010 3344 1098 3408 vide·

112 3449 211 3532 bant,
241 3471 378 3515 cumea
401 3449 541 3534 praeda,
567 3472 665 3535 quam
688 3453 721 3515 in
745 3451 835 3514 silvis
867 3448 1097 3534 deposuerant,

113 3563 206 3624 trans
222 3551 374 3619 Rhenum
397 3575 468 3617 sese
491 3561 692 3637 receperunt.
718 3553 767 3623 Ac
791 3562 899 3617 tantus
914 3554 976 3618 suit
999 3554 1119 3618 etiams
