2430 4028
409 261 519 311 nisan
537 262 569 326 v,
588 261 665 313 cnr.
686 263 793 312 18-22.
1034 260 1095 324 117

111 454 267 520 Caesaris
282 452 380 518 fidem
404 461 535 518 secutus
560 453 603 518 ad
626 474 701 518 eum
723 454 994 518 incontinentem
1013 451 1092 518 Gal-

109 559 190 624 liam
212 566 359 638 venerat,
383 557 475 621 cuius
499 565 593 640 pater
607 557 641 620 in
665 579 705 621 ea
721 557 853 622 civitate
875 579 1013 640 regnum
1038 555 1094 621 ob·

110 664 256 727 tinuerat
283 660 540 746 interfectusque
568 669 638 726 erat
673 682 692 724 a
723 659 988 739 Cassivellauno‚
1023 663 1094 745 ipse

110 769 193 850 fuga
216 775 352 829 mortem
367 765 542 843 vitaverat,
566 764 693 848 legatos
711 765 753 829 ad
766 763 944 831 Caesarem
960 767 1116 829 mittunts

109 867 372 955 pollicenturque
411 891 482 932 sese
521 869 549 932 ei
588 867 757 933 dedituros
795 877 894 954 atque
916 869 1094 953 imperata

110 974 276 1053 facturos3
300 979 425 1056 petunt,
448 980 484 1033 ut
496 971 771 1036 Mandubracium
794 970 836 1035 ab
853 973 971 1036 iniuria
985 969 1116 1037 Cassi-s

108 1073 253 1139 vellauni
287 1072 444 1138 defendat
478 1083 575 1159 atque
609 1076 643 1139 in
677 1076 842 1139 civitatem
874 1077 1000 1153 mittat,
1039 1076 1095 1160 qui

108 1179 236 1263 praesit
260 1178 497 1263 imperiumque
521 1177 675 1242 obtineat,
714 1178 776 1243 His
801 1178 925 1244 Caesar
954 1181 1117 1262 imperata

110 1281 245 1346 obsides
263 1280 485 1367 quadraginta
502 1280 763 1367 frumentumque
779 1283 938 1346 exercitui
956 1282 1095 1348 Mandu·

110 1384 327 1470 braciumque
356 1384 399 1449 ad
428 1407 485 1448 eos
516 1384 623 1448 mittit.
669 1383 722 1449 Illi
750 1387 911 1470 imperata
945 1386 1095 1451 celeriter

107 1490 274 1566 fecerunt,
310 1487 442 1553 obsides
472 1488 516 1553 ad
542 1510 714 1554 numerum
742 1489 1004 1574 frumentumque
1035 1493 1094 1555 mi·

109 1601 233 1656 serunt.

197 1693 250 1757 21.
275 1694 535 1761 Trinobantibus
560 1695 701 1760 defensis
726 1706 825 1781 atque
849 1693 997 1760 ab‘omni
1014 1696 1094 1762 mili·

109 1807 181 1863 tum
212 1799 331 1862 iniuria
364 1798 536 1883 prohibitis
567 1797 771 1883 Cenimagni,
796 1797 1001 1880 Segontiaci,
1026 1801 1092 1863 An-

108 1900 239 1984 calites,
265 1899 407 1976 Bibroci,
425 1900 521 1966 Cassi
544 1901 765 1986 legationibus
790 1903 898 1966 missis
923 1925 994 1967 sese
1012 1901 1093 1968 Cac-

109 2007 178 2070 sari
203 2003 336 2069 dedunt.
361 2004 413 2068 Ab
437 2004 489 2068 his
505 2007 676 2088 cognoscit
699 2027 763 2069 non
788 2005 885 2089 longe
904 2028 947 2068 ex
962 2028 1001 2070 eo
1018 2004 1115 2071 locon

108 2107 270 2193 oppidum
292 2106 535 2174 Cassivellauni
569 2109 687 2173 abesse
721 2108 813 2172 silvis
848 2107 1091 2195 paludibusque

107 2213 288 2287 munitum,
325 2234 389 2298 quo
418 2215 498 2278 satis
528 2234 667 2296 magnus
701 2211 870 2276 hominurn
898 2215 1092 2297 pecorisque

104 2337 261 2381 numerus
291 2317 492 2380 convenerit.
535 2313 703 2400 Oppidum
729 2325 839 2378 autem
862 2316 1012 2380 Britanni
1036 2338 1113 2380 vos

104 2427 194 2492 cant,
218 2439 293 2482 cum
317 2418 418 2482 silvas
440 2418 617 2503 impeditas
642 2416 729 2482 vallo
754 2428 853 2503 atque
876 2418 967 2483 fossa
988 2420 1092 2483 muni·

104 2529 212 2603 erunt,
237 2543 301 2606 quo
325 2522 523 2586 incursionis
548 2522 691 2586 hostium
713 2522 868 2586 vitandae
891 2544 993 2587 causa
1016 2544 1092 2586 con-

103 2625 219 2689 venire
242 2634 449 2689 consuerunt.
481 2624 530 2689 Eo
554 2625 774 2710 proficiscitur
790 2647 862 2688 curn
887 2624 1112 2708 legionibus:4

104 2727 217 2793 locum
240 2729 385 2812 repperit
400 2729 531 2810 egregie
552 2736 671 2791 natura
687 2738 785 2812 atque
802 2750 901 2813 opere
917 2729 1091 2804 munitum;

101 2840 222 2897 tamen
250 2830 337 2895 hunc
366 2830 495 2895 duabus
529 2854 571 2895 ex
601 2831 751 2915 partibus
783 2852 976 2916 oppugnare
1011 2853 1090 2896 con-

106 2933 224 3000 tendit.
262 2935 386 2999 Hostes
410 2934 579 3020 paulisper
602 2938 720 2999 morati
745 2935 882 2999 militum
906 2946 1113 3000 nostrorums

105 3041 268 3123 impetum
290 3059 357 3103 non
380 3037 524 3103 tulerunt
544 3061 680 3123 seseque
705 3036 770 3102 alia
794 3060 834 3102 ex
859 3048 952 3123 parte
978 3038 1090 3124 oppidi

103 3142 281 3207 eiecerunt.
329 3140 470 3225 Magnus
499 3141 544 3204 ibi
578 3164 732 3206 numerus
767 3144 895 3225 pecoris
929 3151 1112 3226 repe1·tus,s

103 3243 266 3329 multique
289 3248 322 3310 in
346 3244 425 3327 fuga
447 3253 521 3310 sunt
545 3242 771 3329 comprehensi
795 3254 894 3330 atque
916 3244 1090 3309 interfecti.

191 3345 243 3409 22.
269 3347 356 3412 Dum
373 3347 455 3412 haec
471 3350 504 3412 in
521 3348 571 3413 his
588 3349 670 3412 locis
686 3357 851 3432 geruntur,
869 3347 1088 3414 Cassivellau-

104 3475 167 3519 nus
193 3450 237 3515 ad
260 3448 423 3534 Cantium,
448 3452 537 3536 quod
560 3475 631 3517 esse
655 3451 699 3516 ad
720 3475 810 3517 mare
834 3474 933 3536 supra
957 3451 1087 3516 demon·

102 3553 289 3634 stravimus,
300 3553 418 3639 quibus
430 3553 620 3638 regionibus
634 3563 788 3639 quattuor
799 3575 893 3638 reges
902 3565 1085 3639 praeerant,
