2430 4028
122 247 185 314 250
423 250 474 299 nn
492 249 611 301 annno
632 249 789 302 usnmco

123 439 311 507 calamitate
340 440 571 506 submissiores
602 449 713 506 essent
731 441 880 522 futurae,
911 441 991 507 dato
1023 465 1101 509 vero

124 548 230 632 spatio
255 567 294 610 ao
317 553 464 630 tempore
488 544 603 610 eodem
627 547 805 628 instigante
827 546 1003 612 Dumnaco
1030 569 1103 633 pos·

102 659 196 716 ssent
219 650 389 714 concitari.
436 649 511 730 Qua
540 651 573 715 in
601 672 637 714 re
661 671 789 714 summa
817 649 960 716 felicitas
990 650 1101 716 celeri-

123 763 240 839 tasque
256 753 289 817 in
304 751 503 838 recipiendis
517 751 705 817 civitatibus
721 752 865 817 Fabium
880 756 1103 840 consequitur.

123 859 209 922 Nam
232 855 411 939 Carnutes,
447 857 502 941 qui
532 877 631 941 saepe
660 858 774 920 vexati
802 878 981 942 numquam
1009 860 1104 943 pacis

124 963 273 1025 fecerant
295 962 504 1042 mentionem,
530 960 616 1025 datis
642 959 812 1026 obsidibus
835 961 971 1025 veniunt
991 963 1028 1025 in
1052 961 1105 1027 ds·

102 1066 296 1140 sditionem,
335 1073 529 1149 ceteraeque
563 1063 715 1128 civitates
751 1065 882 1150 positae
915 1065 949 1127 in
981 1063 1105 1130 ultimis

127 1167 257 1235 Galliae
278 1165 409 1248 finibus,
426 1165 561 1231 Oceano
581 1168 787 1250 coniunctae,
810 1187 896 1251 quae
911 1168 1105 1233 Armoricae

126 1269 344 1356 appellantur,
369 1271 566 1335 auctoritate
588 1269 752 1335 adductae
765 1266 947 1335 Carnutum
961 1270 1107 1336 adventu

105 1374 222 1438 sFabii
240 1373 468 1457 legionumque
485 1375 647 1459 imperata
664 1374 732 1438 sine
744 1395 837 1438 mora
851 1374 988 1438 faciunt.
1007 1374 1106 1439 Dum·

127 1500 229 1542 naeus
254 1479 321 1543 suis
343 1477 463 1541 finibus
481 1478 637 1562 expulsus
662 1500 775 1543 errans
791 1477 992 1563 latitansque
1017 1476 1106 1543 solus

128 1591 291 1645 extremas
316 1578 446 1644 Galliae
469 1581 619 1665 regiones
642 1589 756 1665 petere
783 1589 837 1645 est
858 1590 1005 1646 coactus.

215 1683 266 1748 32.
289 1683 335 1754 At
352 1684 505 1769 Drappes
521 1705 652 1769 unaque
668 1683 853 1767 Lucterius,
870 1706 946 1750 oum
961 1684 1107 1770 legiones

129 1788 370 1874 Caniniumque
394 1787 511 1853 adesse
534 1797 772 1870 cognoscerent
794 1810 855 1852 neo
871 1810 906 1853 se
923 1789 994 1854 sine
1017 1798 1108 1855 certa

130 1894 274 1978 pernicie
302 1901 518 1978 persequente
550 1894 699 1957 exercitu
727 1900 882 1978 putarent
916 1893 1108 1978 provinciae

129 1997 211 2060 fines
234 1996 355 2059 intrare
378 2017 477 2079 posse
499 2015 560 2058 nec
575 1995 642 2058 iam
657 1993 759 2058 libere
781 1994 926 2079 vagandi
941 1995 1109 2062 latrocini·

132 2120 288 2184 urumque
305 2098 530 2162 faciendorum
545 2097 736 2163 facultatem
753 2096 923 2181 haberent,
939 2100 973 2162 in
988 2098 1109 2164 finibus

111 2204 315 2269 sconsistunt
342 2200 578 2266 Cadurcorum.
627 2199 674 2264 lbi
709 2222 783 2266 cum
813 2201 989 2267 Lucterius
1023 2201 1111 2288 apud

134 2328 211 2371 suos
227 2307 316 2369 cives
332 2305 498 2389 quondam
514 2306 651 2388 integris
668 2304 766 2369 rebus
782 2304 919 2371 multum
935 2308 1107 2391 potuisset,

134 2432 328 2495 semperque
361 2418 477 2473 auctor
514 2431 673 2473 novorum
707 2407 920 2474 consiliorum
953 2431 1110 2495 magnam

133 2514 222 2599 apud
235 2512 395 2577 barbaros
409 2514 640 2577 auctoritatem
653 2511 796 2594 haberet,
812 2511 972 2598 oppidum
978 2511 1112 2579 Uxello-

134 2620 265 2690 dunum,
291 2616 380 2703 quod
402 2617 436 2681 in
452 2615 605 2681 clientela
620 2616 728 2681 fuerat
744 2617 824 2693 eius,
847 2617 979 2701 egregie
993 2625 1113 2682 natura

133 2721 197 2784 loci
220 2720 389 2794 munitum,
415 2728 557 2805 occupat
573 2722 639 2785 suis
656 2727 688 2784 et
703 2719 883 2806 Drappetis
898 2721 1006 2804 copiis
1023 2723 1113 2808 oppi-

136 2825 304 2909 danosque
327 2822 389 2887 sibi
412 2822 591 2906 coniungit.

220 2927 271 2990 33.
296 2925 369 3007 Quo
387 2948 462 2990 oum
478 2925 650 2990 confestim
669 2925 772 2991 Gaius
789 2923 947 2994 Caninius
969 2928 1115 2994 venisset

135 3031 476 3114 animadverteretque
492 3050 605 3093 omnes
631 3029 742 3114 oppidi
759 3038 870 3116 partes
886 3032 1114 3119 praeruptissi-

134 3135 196 3199 mis
221 3133 311 3199 saxis
336 3155 406 3198 esse
430 3134 582 3213 munitas,
607 3155 671 3216 quo
689 3132 883 3199 defendente
899 3132 988 3199 nullo
1005 3143 1115 3201 tamen

136 3239 271 3302 armatis
295 3235 473 3301 ascendere
497 3245 584 3300 esset
607 3235 758 3318 difficile,
781 3257 904 3320 magna
925 3247 1039 3303 autem
1060 3239 1115 3302 im·

138 3341 325 3425 pedimenta
343 3338 585 3423 oppidanorum
600 3338 737 3416 videret,
762 3361 846 3425 quae
863 3341 891 3403 si
908 3338 1115 3406 clandestina

137 3445 216 3529 fuga
233 3443 424 3509 subtrahere
438 3453 647 3526 conarentur,
668 3444 815 3528 effugere
830 3466 898 3510 nou
912 3444 1013 3512 modo
1029 3446 1114 3532 equi·

137 3557 256 3624 tatum,
287 3546 345 3612 sed
373 3569 414 3611 ne
437 3547 583 3631 legiones
607 3547 738 3632 quidem
768 3555 921 3633 possent,
952 3549 1113 3633 tripertito
