<?xml version="1.0" encoding="UTF-8"?>
<!DOCTYPE html PUBLIC "-//W3C//DTD XHTML 1.0 Transitional//EN"
    "http://www.w3.org/TR/xhtml1/DTD/xhtml1-transitional.dtd">
<html xmlns="http://www.w3.org/1999/xhtml" xml:lang="en" lang="en">
 <head>
  <title>
</title>
<meta http-equiv="Content-Type" content="text/html;charset=utf-8" />
  <meta name='ocr-system' content='tesseract 3.04.00' />
  <meta name='ocr-capabilities' content='ocr_page ocr_carea ocr_par ocr_line ocrx_word'/>
</head>
<body>
  <div class='ocr_page' id='page_1' title='image "./ciuliicaesarisc01hoffgoog_0119.png"; bbox 0 0 2430 4028; ppageno 0'>
   <div class='ocr_carea' id='block_1_1' title="bbox 124 278 847 344">
    <p class='ocr_par' dir='ltr' id='par_1_1' title="bbox 124 278 847 344">
     <span class='ocr_line' id='line_1_1' title="bbox 124 278 847 344; baseline -0.019 0"><span class='ocrx_word' id='word_1_1' title='bbox 124 281 186 344; x_wconf 85' lang='lat'>110</span> <span class='ocrx_word' id='word_1_2' title='bbox 431 280 481 330; x_wconf 81' lang='lat' dir='ltr'>na</span> <span class='ocrx_word' id='word_1_3' title='bbox 500 279 619 330; x_wconf 78' lang='lat' dir='ltr'>annno</span> <span class='ocrx_word' id='word_1_4' title='bbox 640 278 797 331; x_wconf 74' lang='lat' dir='ltr'>omnrco</span> <span class='ocrx_word' id='word_1_5' title='bbox 842 312 847 320; x_wconf 85' lang='lat'><strong>.</strong></span> 
     </span>
    </p>
   </div>
   <div class='ocr_carea' id='block_1_2' title="bbox 101 470 1110 3659">
    <p class='ocr_par' dir='ltr' id='par_1_2' title="bbox 101 470 1110 2500">
     <span class='ocr_line' id='line_1_2' title="bbox 122 470 1109 556; baseline 0.003 -22"><span class='ocrx_word' id='word_1_6' title='bbox 122 470 306 554; x_wconf 81' lang='lat' dir='ltr'>legionibus</span> <span class='ocrx_word' id='word_1_7' title='bbox 335 480 367 533; x_wconf 90' lang='lat' dir='ltr'>et</span> <span class='ocrx_word' id='word_1_8' title='bbox 396 472 467 555; x_wconf 91' lang='lat' dir='ltr'>pari</span> <span class='ocrx_word' id='word_1_9' title='bbox 496 492 630 535; x_wconf 91' lang='lat' dir='ltr'>numero</span> <span class='ocrx_word' id='word_1_10' title='bbox 664 471 824 555; x_wconf 91' lang='lat' dir='ltr'>equitum,</span> <span class='ocrx_word' id='word_1_11' title='bbox 856 494 950 556; x_wconf 90' lang='lat' dir='ltr'>quem</span> <span class='ocrx_word' id='word_1_12' title='bbox 974 473 1008 536; x_wconf 92' lang='lat' dir='ltr'>in</span> <span class='ocrx_word' id='word_1_13' title='bbox 1035 494 1109 537; x_wconf 92' lang='lat' dir='ltr'>con-</span> 
     </span>
     <span class='ocr_line' id='line_1_3' title="bbox 123 573 1108 659; baseline 0.004 -22"><span class='ocrx_word' id='word_1_14' title='bbox 123 576 236 638; x_wconf 89' lang='lat' dir='ltr'>tinenti</span> <span class='ocrx_word' id='word_1_15' title='bbox 259 573 449 659; x_wconf 82' lang='lat' dir='ltr'>reliquerat,</span> <span class='ocrx_word' id='word_1_16' title='bbox 480 574 523 640; x_wconf 92' lang='lat' dir='ltr'>ad</span> <span class='ocrx_word' id='word_1_17' title='bbox 547 573 624 638; x_wconf 91' lang='lat' dir='ltr'>solis</span> <span class='ocrx_word' id='word_1_18' title='bbox 650 596 803 639; x_wconf 89' lang='lat' dir='ltr'>occasum</span> <span class='ocrx_word' id='word_1_19' title='bbox 827 596 928 640; x_wconf 88' lang='lat' dir='ltr'>naves</span> <span class='ocrx_word' id='word_1_20' title='bbox 952 575 1055 640; x_wconf 89' lang='lat' dir='ltr'>solvit</span> <span class='ocrx_word' id='word_1_21' title='bbox 1077 587 1108 641; x_wconf 89' lang='lat' dir='ltr'>et</span> 
     </span>
     <span class='ocr_line' id='line_1_4' title="bbox 123 675 1107 761; baseline 0.004 -21"><span class='ocrx_word' id='word_1_22' title='bbox 123 675 186 740; x_wconf 88' lang='lat' dir='ltr'>leni</span> <span class='ocrx_word' id='word_1_23' title='bbox 210 675 323 740; x_wconf 86' lang='lat' dir='ltr'>Africo</span> <span class='ocrx_word' id='word_1_24' title='bbox 359 688 534 761; x_wconf 88' lang='lat' dir='ltr'>provectus</span> <span class='ocrx_word' id='word_1_25' title='bbox 567 675 676 741; x_wconf 87' lang='lat' dir='ltr'>media</span> <span class='ocrx_word' id='word_1_26' title='bbox 710 677 840 742; x_wconf 82' lang='lat' dir='ltr'>circiter</span> <span class='ocrx_word' id='word_1_27' title='bbox 873 687 971 743; x_wconf 90' lang='lat' dir='ltr'>nocte</span> <span class='ocrx_word' id='word_1_28' title='bbox 1008 689 1107 744; x_wconf 89' lang='lat' dir='ltr'>vento</span> 
     </span>
     <span class='ocr_line' id='line_1_5' title="bbox 124 781 1107 864; baseline 0.005 -21"><span class='ocrx_word' id='word_1_29' title='bbox 124 782 307 845; x_wconf 86' lang='lat' dir='ltr'>intermisso</span> <span class='ocrx_word' id='word_1_30' title='bbox 343 802 474 845; x_wconf 87' lang='lat' dir='ltr'>cursum</span> <span class='ocrx_word' id='word_1_31' title='bbox 508 802 573 844; x_wconf 94' lang='lat' dir='ltr'>non</span> <span class='ocrx_word' id='word_1_32' title='bbox 608 781 711 845; x_wconf 89' lang='lat' dir='ltr'>tenuit</span> <span class='ocrx_word' id='word_1_33' title='bbox 745 790 777 843; x_wconf 87' lang='lat' dir='ltr'>et</span> <span class='ocrx_word' id='word_1_34' title='bbox 812 782 942 864; x_wconf 88' lang='lat' dir='ltr'>longius</span> <span class='ocrx_word' id='word_1_35' title='bbox 977 782 1107 848; x_wconf 88' lang='lat' dir='ltr'>delatus</span> 
     </span>
     <span class='ocr_line' id='line_1_6' title="bbox 123 883 1108 952; baseline 0.004 -4"><span class='ocrx_word' id='word_1_36' title='bbox 123 894 217 949; x_wconf 89' lang='lat' dir='ltr'>aestu</span> <span class='ocrx_word' id='word_1_37' title='bbox 252 893 323 949; x_wconf 88' lang='lat' dir='ltr'>orta</span> <span class='ocrx_word' id='word_1_38' title='bbox 355 883 428 948; x_wconf 91' lang='lat' dir='ltr'>luce</span> <span class='ocrx_word' id='word_1_39' title='bbox 463 884 522 948; x_wconf 90' lang='lat' dir='ltr'>sub</span> <span class='ocrx_word' id='word_1_40' title='bbox 559 885 691 948; x_wconf 88' lang='lat' dir='ltr'>sinistra</span> <span class='ocrx_word' id='word_1_41' title='bbox 719 885 923 949; x_wconf 84' lang='lat' dir='ltr'>Britanniam</span> <span class='ocrx_word' id='word_1_42' title='bbox 957 885 1108 952; x_wconf 87' lang='lat' dir='ltr'>relictam</span> 
     </span>
     <span class='ocr_line' id='line_1_7' title="bbox 101 988 1108 1072; baseline 0.006 -25"><span class='ocrx_word' id='word_1_43' title='bbox 101 990 307 1072; x_wconf 83' lang='lat' dir='ltr'>sconspexit.</span> <span class='ocrx_word' id='word_1_44' title='bbox 347 988 431 1051; x_wconf 87' lang='lat' dir='ltr'>Tum</span> <span class='ocrx_word' id='word_1_45' title='bbox 461 1010 573 1051; x_wconf 90' lang='lat' dir='ltr'>rursus</span> <span class='ocrx_word' id='word_1_46' title='bbox 603 997 713 1052; x_wconf 87' lang='lat' dir='ltr'>aestus</span> <span class='ocrx_word' id='word_1_47' title='bbox 737 989 1030 1053; x_wconf 86' lang='lat' dir='ltr'>commutationem</span> <span class='ocrx_word' id='word_1_48' title='bbox 1062 1012 1108 1053; x_wconf 89' lang='lat' dir='ltr'>se·</span> 
     </span>
     <span class='ocr_line' id='line_1_8' title="bbox 126 1089 1108 1175; baseline 0.003 -22"><span class='ocrx_word' id='word_1_49' title='bbox 126 1101 221 1154; x_wconf 91' lang='lat' dir='ltr'>cutus</span> <span class='ocrx_word' id='word_1_50' title='bbox 248 1091 347 1155; x_wconf 90' lang='lat' dir='ltr'>remis</span> <span class='ocrx_word' id='word_1_51' title='bbox 376 1089 554 1172; x_wconf 83' lang='lat' dir='ltr'>contendit,</span> <span class='ocrx_word' id='word_1_52' title='bbox 582 1099 619 1153; x_wconf 86' lang='lat' dir='ltr'>ut</span> <span class='ocrx_word' id='word_1_53' title='bbox 647 1113 719 1154; x_wconf 88' lang='lat' dir='ltr'>eam</span> <span class='ocrx_word' id='word_1_54' title='bbox 749 1101 875 1175; x_wconf 90' lang='lat' dir='ltr'>partem</span> <span class='ocrx_word' id='word_1_55' title='bbox 904 1090 1032 1156; x_wconf 88' lang='lat' dir='ltr'>insulae</span> <span class='ocrx_word' id='word_1_56' title='bbox 1057 1115 1108 1156; x_wconf 91' lang='lat' dir='ltr'>ca·</span> 
     </span>
     <span class='ocr_line' id='line_1_9' title="bbox 124 1184 1109 1281; baseline 0.001 -24"><span class='ocrx_word' id='word_1_57' title='bbox 124 1202 224 1277; x_wconf 87' lang='lat' dir='ltr'>peret,</span> <span class='ocrx_word' id='word_1_58' title='bbox 248 1215 312 1278; x_wconf 92' lang='lat' dir='ltr'>qua</span> <span class='ocrx_word' id='word_1_59' title='bbox 336 1195 493 1278; x_wconf 90' lang='lat' dir='ltr'>optimum</span> <span class='ocrx_word' id='word_1_60' title='bbox 517 1215 588 1257; x_wconf 88' lang='lat' dir='ltr'>esse</span> <span class='ocrx_word' id='word_1_61' title='bbox 611 1184 761 1281; x_wconf 60' lang='lat' dir='ltr'>egredum</span> <span class='ocrx_word' id='word_1_62' title='bbox 786 1196 953 1279; x_wconf 84' lang='lat' dir='ltr'>superiore</span> <span class='ocrx_word' id='word_1_63' title='bbox 980 1205 1109 1260; x_wconf 78' lang='lat' dir='ltr'>aestate</span> 
     </span>
     <span class='ocr_line' id='line_1_10' title="bbox 101 1296 1107 1380; baseline 0.006 -23"><span class='ocrx_word' id='word_1_64' title='bbox 101 1307 331 1380; x_wconf 79' lang='lat' dir='ltr'>scognoverat.</span> <span class='ocrx_word' id='word_1_65' title='bbox 360 1296 434 1378; x_wconf 79' lang='lat' dir='ltr'>Qua</span> <span class='ocrx_word' id='word_1_66' title='bbox 457 1299 491 1361; x_wconf 91' lang='lat' dir='ltr'>in</span> <span class='ocrx_word' id='word_1_67' title='bbox 513 1320 548 1362; x_wconf 90' lang='lat' dir='ltr'>re</span> <span class='ocrx_word' id='word_1_68' title='bbox 570 1296 749 1362; x_wconf 87' lang='lat' dir='ltr'>admodum</span> <span class='ocrx_word' id='word_1_69' title='bbox 771 1297 833 1361; x_wconf 83' lang='lat' dir='ltr'>fnit</span> <span class='ocrx_word' id='word_1_70' title='bbox 848 1297 986 1363; x_wconf 90' lang='lat' dir='ltr'>militnm</span> <span class='ocrx_word' id='word_1_71' title='bbox 1002 1299 1107 1363; x_wconf 89' lang='lat' dir='ltr'>virtus</span> 
     </span>
     <span class='ocr_line' id='line_1_11' title="bbox 123 1400 1109 1486; baseline 0 -22"><span class='ocrx_word' id='word_1_72' title='bbox 123 1400 306 1476; x_wconf 86' lang='lat' dir='ltr'>laudanda,</span> <span class='ocrx_word' id='word_1_73' title='bbox 342 1403 395 1485; x_wconf 88' lang='lat' dir='ltr'>qui</span> <span class='ocrx_word' id='word_1_74' title='bbox 430 1402 585 1465; x_wconf 86' lang='lat' dir='ltr'>vectoriis</span> <span class='ocrx_word' id='word_1_75' title='bbox 620 1401 840 1486; x_wconf 84' lang='lat' dir='ltr'>gravibusque</span> <span class='ocrx_word' id='word_1_76' title='bbox 869 1402 1010 1484; x_wconf 89' lang='lat' dir='ltr'>navigiis</span> <span class='ocrx_word' id='word_1_77' title='bbox 1043 1424 1109 1466; x_wconf 92' lang='lat' dir='ltr'>non</span> 
     </span>
     <span class='ocr_line' id='line_1_12' title="bbox 124 1503 1108 1588; baseline 0.004 -22"><span class='ocrx_word' id='word_1_78' title='bbox 124 1505 308 1568; x_wconf 88' lang='lat' dir='ltr'>intermisso</span> <span class='ocrx_word' id='word_1_79' title='bbox 332 1505 512 1588; x_wconf 88' lang='lat' dir='ltr'>remigandi</span> <span class='ocrx_word' id='word_1_80' title='bbox 534 1503 648 1569; x_wconf 86' lang='lat' dir='ltr'>laboro</span> <span class='ocrx_word' id='word_1_81' title='bbox 679 1504 851 1588; x_wconf 88' lang='lat' dir='ltr'>longarum</span> <span class='ocrx_word' id='word_1_82' title='bbox 878 1507 1012 1570; x_wconf 89' lang='lat' dir='ltr'>navium</span> <span class='ocrx_word' id='word_1_83' title='bbox 1038 1528 1108 1570; x_wconf 89' lang='lat' dir='ltr'>cur·</span> 
     </span>
     <span class='ocr_line' id='line_1_13' title="bbox 102 1607 1109 1693; baseline 0 -19"><span class='ocrx_word' id='word_1_84' title='bbox 102 1630 195 1674; x_wconf 78' lang='lat' dir='ltr'>asum</span> <span class='ocrx_word' id='word_1_85' title='bbox 220 1607 456 1693; x_wconf 85' lang='lat' dir='ltr'>adaequarunt.</span> <span class='ocrx_word' id='word_1_86' title='bbox 481 1608 660 1672; x_wconf 84' lang='lat' dir='ltr'>Accessum</span> <span class='ocrx_word' id='word_1_87' title='bbox 684 1617 734 1673; x_wconf 89' lang='lat' dir='ltr'>est</span> <span class='ocrx_word' id='word_1_88' title='bbox 756 1608 798 1672; x_wconf 87' lang='lat' dir='ltr'>ad</span> <span class='ocrx_word' id='word_1_89' title='bbox 813 1609 1021 1673; x_wconf 87' lang='lat' dir='ltr'>Britanniam</span> <span class='ocrx_word' id='word_1_90' title='bbox 1040 1632 1109 1674; x_wconf 93' lang='lat' dir='ltr'>om-</span> 
     </span>
     <span class='ocr_line' id='line_1_14' title="bbox 123 1710 1108 1798; baseline 0.004 -23"><span class='ocrx_word' id='word_1_91' title='bbox 123 1710 220 1775; x_wconf 89' lang='lat' dir='ltr'>nibus</span> <span class='ocrx_word' id='word_1_92' title='bbox 244 1711 382 1775; x_wconf 89' lang='lat' dir='ltr'>navibus</span> <span class='ocrx_word' id='word_1_93' title='bbox 404 1710 585 1775; x_wconf 90' lang='lat' dir='ltr'>meridiano</span> <span class='ocrx_word' id='word_1_94' title='bbox 609 1711 676 1775; x_wconf 87' lang='lat' dir='ltr'>fere</span> <span class='ocrx_word' id='word_1_95' title='bbox 700 1721 857 1798; x_wconf 89' lang='lat' dir='ltr'>tempore,</span> <span class='ocrx_word' id='word_1_96' title='bbox 880 1734 987 1797; x_wconf 88' lang='lat' dir='ltr'>neque</span> <span class='ocrx_word' id='word_1_97' title='bbox 1009 1715 1047 1779; x_wconf 92' lang='lat' dir='ltr'>in</span> <span class='ocrx_word' id='word_1_98' title='bbox 1070 1736 1108 1778; x_wconf 89' lang='lat' dir='ltr'>eo</span> 
     </span>
     <span class='ocr_line' id='line_1_15' title="bbox 102 1814 1109 1899; baseline 0.003 -19"><span class='ocrx_word' id='word_1_99' title='bbox 102 1815 197 1880; x_wconf 80' lang='lat' dir='ltr'>eloco</span> <span class='ocrx_word' id='word_1_100' title='bbox 232 1814 336 1879; x_wconf 89' lang='lat' dir='ltr'>hostis</span> <span class='ocrx_word' id='word_1_101' title='bbox 373 1826 422 1878; x_wconf 88' lang='lat' dir='ltr'>est</span> <span class='ocrx_word' id='word_1_102' title='bbox 449 1817 559 1896; x_wconf 72' lang='lat' dir='ltr'>visus,</span> <span class='ocrx_word' id='word_1_103' title='bbox 595 1814 666 1890; x_wconf 86' lang='lat' dir='ltr'>sed,</span> <span class='ocrx_word' id='word_1_104' title='bbox 701 1825 738 1878; x_wconf 92' lang='lat' dir='ltr'>ut</span> <span class='ocrx_word' id='word_1_105' title='bbox 766 1825 882 1899; x_wconf 89' lang='lat' dir='ltr'>postea</span> <span class='ocrx_word' id='word_1_106' title='bbox 911 1816 1038 1883; x_wconf 81' lang='lat' dir='ltr'>Caesar</span> <span class='ocrx_word' id='word_1_107' title='bbox 1067 1841 1109 1882; x_wconf 87' lang='lat' dir='ltr'>ex</span> 
     </span>
     <span class='ocr_line' id='line_1_16' title="bbox 124 1920 1109 2002; baseline 0.004 -21"><span class='ocrx_word' id='word_1_108' title='bbox 124 1920 263 2002; x_wconf 87' lang='lat' dir='ltr'>captivis</span> <span class='ocrx_word' id='word_1_109' title='bbox 293 1921 463 2002; x_wconf 83' lang='lat' dir='ltr'>cognovit,</span> <span class='ocrx_word' id='word_1_110' title='bbox 497 1939 571 1981; x_wconf 93' lang='lat' dir='ltr'>cum</span> <span class='ocrx_word' id='word_1_111' title='bbox 598 1941 740 2001; x_wconf 87' lang='lat' dir='ltr'>magnae</span> <span class='ocrx_word' id='word_1_112' title='bbox 767 1941 884 1983; x_wconf 89' lang='lat' dir='ltr'>manus</span> <span class='ocrx_word' id='word_1_113' title='bbox 917 1941 955 1985; x_wconf 90' lang='lat' dir='ltr'>eo</span> <span class='ocrx_word' id='word_1_114' title='bbox 990 1941 1109 1985; x_wconf 87' lang='lat' dir='ltr'>conve·</span> 
     </span>
     <span class='ocr_line' id='line_1_17' title="bbox 123 2021 1109 2108; baseline 0.004 -24"><span class='ocrx_word' id='word_1_115' title='bbox 123 2023 263 2104; x_wconf 88' lang='lat' dir='ltr'>nissent,</span> <span class='ocrx_word' id='word_1_116' title='bbox 293 2021 501 2087; x_wconf 89' lang='lat' dir='ltr'>multitudine</span> <span class='ocrx_word' id='word_1_117' title='bbox 531 2023 661 2086; x_wconf 90' lang='lat' dir='ltr'>navium</span> <span class='ocrx_word' id='word_1_118' title='bbox 687 2025 895 2107; x_wconf 84' lang='lat' dir='ltr'>perterritae,</span> <span class='ocrx_word' id='word_1_119' title='bbox 926 2045 1109 2108; x_wconf 91' lang='lat' dir='ltr'>quaecum</span> 
     </span>
     <span class='ocr_line' id='line_1_18' title="bbox 124 2126 1109 2211; baseline 0.003 -22"><span class='ocrx_word' id='word_1_120' title='bbox 124 2126 288 2190; x_wconf 88' lang='lat' dir='ltr'>annotinis</span> <span class='ocrx_word' id='word_1_121' title='bbox 320 2127 531 2210; x_wconf 85' lang='lat' dir='ltr'>privatisque,</span> <span class='ocrx_word' id='word_1_122' title='bbox 566 2148 648 2210; x_wconf 87' lang='lat' dir='ltr'>quas</span> <span class='ocrx_word' id='word_1_123' title='bbox 685 2127 735 2189; x_wconf 90' lang='lat' dir='ltr'>sui</span> <span class='ocrx_word' id='word_1_124' title='bbox 770 2128 907 2211; x_wconf 90' lang='lat' dir='ltr'>quisque</span> <span class='ocrx_word' id='word_1_125' title='bbox 941 2127 1109 2194; x_wconf 90' lang='lat' dir='ltr'>commodi</span> 
     </span>
     <span class='ocr_line' id='line_1_19' title="bbox 124 2229 1109 2313; baseline 0.005 -22"><span class='ocrx_word' id='word_1_126' title='bbox 124 2230 263 2310; x_wconf 86' lang='lat' dir='ltr'>fecerat,</span> <span class='ocrx_word' id='word_1_127' title='bbox 292 2229 431 2313; x_wconf 85' lang='lat' dir='ltr'>amplius</span> <span class='ocrx_word' id='word_1_128' title='bbox 464 2230 671 2313; x_wconf 85' lang='lat' dir='ltr'>octingentae</span> <span class='ocrx_word' id='word_1_129' title='bbox 701 2250 765 2294; x_wconf 93' lang='lat' dir='ltr'>uno</span> <span class='ocrx_word' id='word_1_130' title='bbox 790 2239 883 2294; x_wconf 90' lang='lat' dir='ltr'>erant</span> <span class='ocrx_word' id='word_1_131' title='bbox 905 2231 997 2294; x_wconf 90' lang='lat' dir='ltr'>visae</span> <span class='ocrx_word' id='word_1_132' title='bbox 1028 2240 1109 2296; x_wconf 90' lang='lat' dir='ltr'>tem·</span> 
     </span>
     <span class='ocr_line' id='line_1_20' title="bbox 123 2331 1110 2418; baseline 0.002 -21"><span class='ocrx_word' id='word_1_133' title='bbox 123 2355 213 2417; x_wconf 89' lang='lat' dir='ltr'>pore,</span> <span class='ocrx_word' id='word_1_134' title='bbox 237 2354 258 2394; x_wconf 92' lang='lat' dir='ltr'>a</span> <span class='ocrx_word' id='word_1_135' title='bbox 280 2331 373 2396; x_wconf 87' lang='lat' dir='ltr'>litore</span> <span class='ocrx_word' id='word_1_136' title='bbox 404 2331 624 2397; x_wconf 89' lang='lat' dir='ltr'>discesserant</span> <span class='ocrx_word' id='word_1_137' title='bbox 651 2353 691 2395; x_wconf 91' lang='lat' dir='ltr'>ac</span> <span class='ocrx_word' id='word_1_138' title='bbox 723 2355 757 2396; x_wconf 92' lang='lat' dir='ltr'>se</span> <span class='ocrx_word' id='word_1_139' title='bbox 779 2334 813 2396; x_wconf 92' lang='lat' dir='ltr'>in</span> <span class='ocrx_word' id='word_1_140' title='bbox 838 2336 1008 2418; x_wconf 85' lang='lat' dir='ltr'>superiora</span> <span class='ocrx_word' id='word_1_141' title='bbox 1032 2333 1110 2399; x_wconf 89' lang='lat' dir='ltr'>loca</span> 
     </span>
     <span class='ocr_line' id='line_1_21' title="bbox 128 2434 333 2500; baseline -0.01 -2"><span class='ocrx_word' id='word_1_142' title='bbox 128 2434 333 2500; x_wconf 88' lang='lat' dir='ltr'>abdiderant.</span> 
     </span>
    </p>

    <p class='ocr_par' dir='ltr' id='par_1_3' title="bbox 103 2537 1110 3659">
     <span class='ocr_line' id='line_1_22' title="bbox 210 2537 1109 2623; baseline 0.007 -23"><span class='ocrx_word' id='word_1_143' title='bbox 210 2538 240 2603; x_wconf 83' lang='grc'>9.</span> <span class='ocrx_word' id='word_1_144' title='bbox 275 2537 399 2603; x_wconf 79' lang='lat' dir='ltr'>Caesar</span> <span class='ocrx_word' id='word_1_145' title='bbox 436 2538 586 2623; x_wconf 83' lang='lat' dir='ltr'>exposito</span> <span class='ocrx_word' id='word_1_146' title='bbox 622 2541 770 2604; x_wconf 86' lang='lat' dir='ltr'>exercitu</span> <span class='ocrx_word' id='word_1_147' title='bbox 807 2548 840 2604; x_wconf 90' lang='lat' dir='ltr'>et</span> <span class='ocrx_word' id='word_1_148' title='bbox 876 2538 951 2604; x_wconf 93' lang='lat' dir='ltr'>loco</span> <span class='ocrx_word' id='word_1_149' title='bbox 989 2543 1109 2606; x_wconf 89' lang='lat' dir='ltr'>castris</span> 
     </span>
     <span class='ocr_line' id='line_1_23' title="bbox 126 2643 1109 2730; baseline 0.004 -25"><span class='ocrx_word' id='word_1_150' title='bbox 126 2643 245 2708; x_wconf 90' lang='lat' dir='ltr'>idoneo</span> <span class='ocrx_word' id='word_1_151' title='bbox 266 2653 375 2730; x_wconf 90' lang='lat' dir='ltr'>capto,</span> <span class='ocrx_word' id='word_1_152' title='bbox 399 2643 453 2708; x_wconf 92' lang='lat' dir='ltr'>ubi</span> <span class='ocrx_word' id='word_1_153' title='bbox 477 2666 519 2708; x_wconf 88' lang='lat' dir='ltr'>ex</span> <span class='ocrx_word' id='word_1_154' title='bbox 543 2645 682 2728; x_wconf 85' lang='lat' dir='ltr'>captivis</span> <span class='ocrx_word' id='word_1_155' title='bbox 706 2644 871 2726; x_wconf 90' lang='lat' dir='ltr'>cognovit,</span> <span class='ocrx_word' id='word_1_156' title='bbox 888 2665 952 2729; x_wconf 93' lang='lat' dir='ltr'>quo</span> <span class='ocrx_word' id='word_1_157' title='bbox 976 2645 1010 2709; x_wconf 90' lang='lat' dir='ltr'>in</span> <span class='ocrx_word' id='word_1_158' title='bbox 1034 2643 1109 2709; x_wconf 90' lang='lat' dir='ltr'>loco</span> 
     </span>
     <span class='ocr_line' id='line_1_24' title="bbox 124 2746 1110 2832; baseline 0.005 -23"><span class='ocrx_word' id='word_1_159' title='bbox 124 2746 267 2812; x_wconf 86' lang='lat' dir='ltr'>hostium</span> <span class='ocrx_word' id='word_1_160' title='bbox 297 2751 414 2832; x_wconf 90' lang='lat' dir='ltr'>copiae</span> <span class='ocrx_word' id='word_1_161' title='bbox 444 2747 679 2827; x_wconf 87' lang='lat' dir='ltr'>consedissent,</span> <span class='ocrx_word' id='word_1_162' title='bbox 705 2746 894 2812; x_wconf 89' lang='lat' dir='ltr'>cohortibus</span> <span class='ocrx_word' id='word_1_163' title='bbox 925 2746 1041 2812; x_wconf 89' lang='lat' dir='ltr'>decem</span> <span class='ocrx_word' id='word_1_164' title='bbox 1066 2748 1110 2814; x_wconf 86' lang='lat' dir='ltr'>ad</span> 
     </span>
     <span class='ocr_line' id='line_1_25' title="bbox 124 2850 1109 2936; baseline 0.003 -22"><span class='ocrx_word' id='word_1_165' title='bbox 124 2873 214 2914; x_wconf 89' lang='lat' dir='ltr'>mare</span> <span class='ocrx_word' id='word_1_166' title='bbox 242 2850 364 2915; x_wconf 88' lang='lat' dir='ltr'>relictis</span> <span class='ocrx_word' id='word_1_167' title='bbox 396 2862 429 2915; x_wconf 90' lang='lat' dir='ltr'>et</span> <span class='ocrx_word' id='word_1_168' title='bbox 455 2850 619 2936; x_wconf 86' lang='lat' dir='ltr'>equitibus</span> <span class='ocrx_word' id='word_1_169' title='bbox 649 2851 818 2930; x_wconf 73' lang='lat' dir='ltr'>trecentiS,</span> <span class='ocrx_word' id='word_1_170' title='bbox 854 2852 909 2934; x_wconf 89' lang='lat' dir='ltr'>qui</span> <span class='ocrx_word' id='word_1_171' title='bbox 939 2851 1109 2934; x_wconf 88' lang='lat' dir='ltr'>praesidio</span> 
     </span>
     <span class='ocr_line' id='line_1_26' title="bbox 125 2953 1109 3037; baseline 0.001 -20"><span class='ocrx_word' id='word_1_172' title='bbox 125 2953 265 3018; x_wconf 88' lang='lat' dir='ltr'>navibus</span> <span class='ocrx_word' id='word_1_173' title='bbox 289 2962 409 3030; x_wconf 86' lang='lat' dir='ltr'>essent,</span> <span class='ocrx_word' id='word_1_174' title='bbox 427 2954 467 3018; x_wconf 88' lang='lat' dir='ltr'>de</span> <span class='ocrx_word' id='word_1_175' title='bbox 490 2956 586 3018; x_wconf 90' lang='lat' dir='ltr'>tertia</span> <span class='ocrx_word' id='word_1_176' title='bbox 602 2953 714 3037; x_wconf 88' lang='lat' dir='ltr'>vigilia</span> <span class='ocrx_word' id='word_1_177' title='bbox 738 2953 780 3017; x_wconf 88' lang='lat' dir='ltr'>ad</span> <span class='ocrx_word' id='word_1_178' title='bbox 796 2954 908 3018; x_wconf 91' lang='lat' dir='ltr'>hostes</span> <span class='ocrx_word' id='word_1_179' title='bbox 924 2955 1109 3035; x_wconf 87' lang='lat' dir='ltr'>contendit,</span> 
     </span>
     <span class='ocr_line' id='line_1_27' title="bbox 125 3056 1110 3142; baseline 0 -20"><span class='ocrx_word' id='word_1_180' title='bbox 125 3080 163 3122; x_wconf 91' lang='lat' dir='ltr'>eo</span> <span class='ocrx_word' id='word_1_181' title='bbox 187 3059 295 3122; x_wconf 90' lang='lat' dir='ltr'>minus</span> <span class='ocrx_word' id='word_1_182' title='bbox 311 3060 433 3122; x_wconf 90' lang='lat' dir='ltr'>veritus</span> <span class='ocrx_word' id='word_1_183' title='bbox 451 3056 600 3129; x_wconf 88' lang='lat' dir='ltr'>navibus,</span> <span class='ocrx_word' id='word_1_184' title='bbox 619 3056 707 3140; x_wconf 90' lang='lat' dir='ltr'>quod</span> <span class='ocrx_word' id='word_1_185' title='bbox 730 3059 762 3120; x_wconf 93' lang='lat' dir='ltr'>in</span> <span class='ocrx_word' id='word_1_186' title='bbox 785 3057 881 3122; x_wconf 90' lang='lat' dir='ltr'>litore</span> <span class='ocrx_word' id='word_1_187' title='bbox 897 3056 988 3121; x_wconf 92' lang='lat' dir='ltr'>molli</span> <span class='ocrx_word' id='word_1_188' title='bbox 1008 3067 1110 3142; x_wconf 89' lang='lat' dir='ltr'>atque</span> 
     </span>
     <span class='ocr_line' id='line_1_28' title="bbox 125 3159 1110 3245; baseline 0.001 -21"><span class='ocrx_word' id='word_1_189' title='bbox 125 3170 239 3245; x_wconf 92' lang='lat' dir='ltr'>aperto</span> <span class='ocrx_word' id='word_1_190' title='bbox 268 3159 428 3243; x_wconf 85' lang='lat' dir='ltr'>deligatas</span> <span class='ocrx_word' id='word_1_191' title='bbox 457 3159 500 3223; x_wconf 89' lang='lat' dir='ltr'>ad</span> <span class='ocrx_word' id='word_1_192' title='bbox 529 3181 684 3223; x_wconf 88' lang='lat' dir='ltr'>ancoram</span> <span class='ocrx_word' id='word_1_193' title='bbox 706 3159 922 3243; x_wconf 91' lang='lat' dir='ltr'>relinquebat,</span> <span class='ocrx_word' id='word_1_194' title='bbox 951 3168 984 3224; x_wconf 88' lang='lat' dir='ltr'>et</span> <span class='ocrx_word' id='word_1_195' title='bbox 1015 3181 1110 3245; x_wconf 87' lang='lat' dir='ltr'>prae-</span> 
     </span>
     <span class='ocr_line' id='line_1_29' title="bbox 103 3263 1109 3349; baseline -0.004 -16"><span class='ocrx_word' id='word_1_196' title='bbox 103 3266 211 3334; x_wconf 79' lang='lat' dir='ltr'>asidio</span> <span class='ocrx_word' id='word_1_197' title='bbox 235 3263 377 3328; x_wconf 89' lang='lat' dir='ltr'>navibus</span> <span class='ocrx_word' id='word_1_198' title='bbox 395 3263 554 3344; x_wconf 83' lang='lat' dir='ltr'>Quintum</span> <span class='ocrx_word' id='word_1_199' title='bbox 576 3263 704 3328; x_wconf 87' lang='lat' dir='ltr'>Atrium</span> <span class='ocrx_word' id='word_1_200' title='bbox 723 3264 892 3348; x_wconf 87' lang='lat' dir='ltr'>praefecit.</span> <span class='ocrx_word' id='word_1_201' title='bbox 915 3265 991 3349; x_wconf 87' lang='lat' dir='ltr'>Ipse</span> <span class='ocrx_word' id='word_1_202' title='bbox 1008 3274 1109 3330; x_wconf 89' lang='lat' dir='ltr'>noctu</span> 
     </span>
     <span class='ocr_line' id='line_1_30' title="bbox 125 3365 1109 3454; baseline -0.001 -21"><span class='ocrx_word' id='word_1_203' title='bbox 125 3390 320 3454; x_wconf 90' lang='lat' dir='ltr'>progressus</span> <span class='ocrx_word' id='word_1_204' title='bbox 348 3365 438 3430; x_wconf 88' lang='lat' dir='ltr'>milia</span> <span class='ocrx_word' id='word_1_205' title='bbox 460 3388 619 3449; x_wconf 84' lang='lat' dir='ltr'>passuum</span> <span class='ocrx_word' id='word_1_206' title='bbox 647 3368 776 3431; x_wconf 87' lang='lat' dir='ltr'>circiter</span> <span class='ocrx_word' id='word_1_207' title='bbox 805 3385 856 3430; x_wconf 73' lang='grc' dir='ltr'>ΧΠ</span> <span class='ocrx_word' id='word_1_208' title='bbox 879 3366 1022 3432; x_wconf 90' lang='lat' dir='ltr'>hostium</span> <span class='ocrx_word' id='word_1_209' title='bbox 1053 3390 1109 3432; x_wconf 93' lang='lat' dir='ltr'>co·</span> 
     </span>
     <span class='ocr_line' id='line_1_31' title="bbox 103 3469 1109 3557; baseline -0.001 -21"><span class='ocrx_word' id='word_1_210' title='bbox 103 3474 197 3557; x_wconf 73' lang='lat' dir='ltr'>cpias</span> <span class='ocrx_word' id='word_1_211' title='bbox 220 3471 430 3554; x_wconf 86' lang='lat' dir='ltr'>conspicatus</span> <span class='ocrx_word' id='word_1_212' title='bbox 459 3477 519 3533; x_wconf 86' lang='lat' dir='ltr'>est.</span> <span class='ocrx_word' id='word_1_213' title='bbox 542 3469 593 3534; x_wconf 92' lang='lat' dir='ltr'>Illi</span> <span class='ocrx_word' id='word_1_214' title='bbox 617 3473 763 3555; x_wconf 89' lang='lat' dir='ltr'>equitatu</span> <span class='ocrx_word' id='word_1_215' title='bbox 792 3480 890 3556; x_wconf 87' lang='lat' dir='ltr'>atque</span> <span class='ocrx_word' id='word_1_216' title='bbox 913 3471 1039 3536; x_wconf 88' lang='lat' dir='ltr'>essedis</span> <span class='ocrx_word' id='word_1_217' title='bbox 1064 3470 1109 3535; x_wconf 90' lang='lat' dir='ltr'>ad</span> 
     </span>
     <span class='ocr_line' id='line_1_32' title="bbox 124 3571 1107 3659; baseline 0.006 -25"><span class='ocrx_word' id='word_1_218' title='bbox 124 3572 243 3636; x_wconf 86' lang='lat' dir='ltr'>flumen</span> <span class='ocrx_word' id='word_1_219' title='bbox 260 3575 424 3656; x_wconf 82' lang='lat' dir='ltr'>progressi</span> <span class='ocrx_word' id='word_1_220' title='bbox 441 3594 483 3635; x_wconf 87' lang='lat' dir='ltr'>ex</span> <span class='ocrx_word' id='word_1_221' title='bbox 507 3571 579 3636; x_wconf 88' lang='lat' dir='ltr'>loco</span> <span class='ocrx_word' id='word_1_222' title='bbox 598 3574 764 3657; x_wconf 87' lang='lat' dir='ltr'>superiore</span> <span class='ocrx_word' id='word_1_223' title='bbox 782 3584 913 3637; x_wconf 86' lang='lat' dir='ltr'>nostros</span> <span class='ocrx_word' id='word_1_224' title='bbox 930 3573 1107 3659; x_wconf 86' lang='lat' dir='ltr'>prohibero</span> 
     </span>
    </p>
   </div>
   <div class='ocr_carea' id='block_1_3' title="bbox 0 0 1220 4028">
    <p class='ocr_par' dir='ltr' id='par_1_4' title="bbox 0 0 1220 4028">
     <span class='ocr_line' id='line_1_33' title="bbox 0 0 1220 4028; baseline 0 0"><span class='ocrx_word' id='word_1_225' title='bbox 0 0 1220 4028; x_wconf 95' lang='lat' dir='ltr'> </span> 
     </span>
    </p>
   </div>
  </div>
 </body>
</html>
