2430 4028
179 263 220 325 66
487 262 536 311 nu
555 262 675 312 nunno
695 259 854 312 caunmo

178 451 315 519 hiberna
338 451 475 517 consilio
500 455 628 518 venisse
651 454 854 534 meminerat,
878 450 950 517 aliis
974 452 1162 519 occurrisse

178 554 275 622 rebus
288 556 424 637 viderat,
441 557 584 621 maxime
599 556 753 620 frumenti
763 564 1033 640 commeatusque
1049 556 1162 641 inopia

179 669 345 744 permotus
374 667 506 744 postero
537 659 589 724 die
624 658 774 723 omnibus
807 659 876 723 eius
907 658 971 724 vici
1000 658 1161 724 aedificiis

158 763 320 827 ⁵incensis
351 763 384 825 in
414 762 620 847 provinciam
642 764 762 826 reverti
788 760 973 841 contendit,
1004 783 1047 825 ac
1071 762 1161 826 nullo
1203 806 1205 813 ‚

179 864 274 930 hoste
311 863 504 949 prohibente
543 874 600 931 aut
636 867 697 929 iter
732 864 922 929 demorante
960 864 1161 931 incolumem
1203 850 1205 863 ’

178 965 341 1052 legionem
364 968 397 1031 in
413 968 607 1050 Nantuates,
634 966 711 1031 inde
733 968 767 1030 in
783 965 981 1051 Allobroges
1005 968 1162 1053 perduxit

177 1070 287 1156 ibique
309 1071 475 1137 hiemavit.

266 1173 294 1239 7.
329 1175 391 1239 His
415 1175 511 1240 rebus
534 1177 655 1256 gestis,
689 1197 763 1239 cum
794 1173 946 1239 omnibus
976 1172 1161 1240 decausis
1203 1160 1205 1277 l

180 1275 305 1342 Caesar
317 1287 472 1363 pacatam
483 1278 627 1344 Galliam
636 1279 1026 1363 exrst1maretsuperat1s
1035 1276 1205 1362 Belgis,
1203 1358 1205 1362 Ι

179 1381 327 1467 expulsis
351 1380 536 1465 Germania,
559 1385 627 1448 vict
627 1384 655 1446 is
678 1385 712 1447 in
729 1382 869 1469 Alpibus
885 1381 1037 1459 Sedunis‚
1062 1392 1161 1467 atque

179 1486 226 1548 ita
248 1483 329 1548 inita
351 1483 457 1551 hieme
479 1487 513 1550 in
537 1486 708 1571 Illyricum
739 1487 905 1570 profectus
935 1493 1042 1565 esset,
1074 1485 1161 1571 quod

180 1610 236 1651 eas
258 1609 388 1673 quoque
417 1589 568 1653 nationes
595 1588 686 1653 adire
718 1599 750 1653 et
771 1591 925 1673 regiones
956 1609 1160 1672 cognoscere

158 1690 322 1773 avolabat,
347 1690 489 1756 subitum
504 1692 625 1757 bellum
642 1694 676 1756 in
692 1692 804 1758 Gallia
819 1701 969 1757 coortum
984 1699 1049 1756 est.
1082 1693 1161 1758 Eius

180 1793 257 1859 belli
279 1794 361 1858 haec
383 1794 446 1859 fuit
468 1817 578 1860 eausa.
617 1795 752 1860 Publius
798 1794 938 1861 Crassus
962 1793 1161 1861 adulescens

181 1919 254 1962 cum
283 1897 412 1980 legione
442 1899 581 1982 septima
608 1899 780 1984 proximus
806 1919 897 1963 mare
926 1897 1103 1964 Oceanum
1130 1900 1162 1964 in

159 1998 330 2064 sAndibus
353 2001 527 2065 hiemarat.
551 2003 594 2084 Is,
619 2002 707 2088 quod
730 2003 761 2066 in
785 2001 837 2065 his
860 2001 942 2066 locis
958 2002 1075 2087 inopia
1097 2001 1161 2067 fru-

179 2104 279 2167 menti
296 2113 375 2186 erat,
394 2103 579 2189 praefectos
594 2103 806 2191 tribunosque
817 2104 958 2169 militum
973 2104 1161 2191 complures

158 2209 211 2270 tin
234 2206 390 2272 finitimas
406 2208 558 2273 civitates
581 2209 733 2273 frumenti
750 2230 853 2272 causa
876 2208 1014 2289 dimisit3
1038 2229 1108 2294 quo
1130 2210 1161 2273 iu

179 2333 313 2375 numero
350 2321 400 2375 est
429 2312 523 2376 Titus
546 2311 755 2377 Terrasidius
789 2313 908 2376 missus
941 2311 976 2374 in
1004 2310 1161 2393 Esnvios,
1204 2302 1205 2311 ἵ

178 2413 311 2477 Marcus
335 2412 475 2478 Trebius
499 2412 614 2479 Gallus
637 2417 670 2479 in
688 2413 914 2497 Ouriosolitas,
940 2413 1161 2495 Quintuch

179 2515 287 2580 lanius
312 2538 386 2579 cum
408 2516 483 2583 Tito
508 2514 588 2583 Silio
613 2519 647 2581 in
671 2518 825 2583 Venetos.

265 2618 296 2683 8.
320 2619 426 2684 Huius
458 2629 508 2684 est
529 2620 673 2685 civitatis
697 2620 793 2704 longe
821 2619 1026 2705 amplissima
1047 2632 1162 2689 aucto-

179 2724 259 2786 ritas
290 2724 395 2788 omnis
425 2746 502 2788 orae
523 2724 707 2789 maritimae
728 2725 898 2808 regionum
920 2745 1044 2807 earum,
1073 2726 1164 2812 quod

179 2833 211 2888 ct
233 2848 336 2891 naves
359 2825 482 2891 habent
503 2827 621 2892 Veneti
645 2825 814 2912 plurimas,
839 2825 956 2913 quibus
979 2829 1013 2890 in
1029 2827 1163 2895 Britan·

178 2929 267 2994 niam
301 2932 458 3015 navigare
492 2941 692 2996 consuerunt
698 2980 707 3014 ,
746 2940 777 2995 et
805 2933 942 2995 scientia
971 2939 1072 3016 atque
1100 2956 1163 2999 usu

178 3033 384 3100 nauticarum
406 3057 514 3100 rerum
536 3035 680 3120 reliquos
704 3035 903 3100 antecedunt
925 3036 1014 3100 etin
1037 3056 1161 3122 magno

177 3138 300 3223 impetu
314 3139 411 3202 maris
428 3147 526 3224 atque
542 3149 667 3223 aperto,
681 3141 795 3225 paucis
808 3139 957 3224 portibus
970 3140 1161 3223 interiectis,

180 3263 262 3326 quos
286 3250 398 3308 tenent
419 3243 494 3326 ipsi,
519 3265 630 3307 omnes
654 3243 738 3326 fere,
764 3245 820 3328 qui
844 3265 883 3307 eo
907 3243 988 3306 mari
1011 3245 1060 3308 uti
1084 3266 1161 3312 cou-

158 3354 323 3425 :suerunt
347 3345 469 3411 habent
492 3347 681 3432 vectigales.
719 3345 772 3410 Ab
795 3346 846 3412 his
876 3346 914 3410 fit
935 3347 1066 3413 initium
1087 3349 1161 3413 reti-

179 3450 279 3514 nendi
307 3449 380 3515 Silii
409 3459 507 3535 atque
533 3450 681 3526 Velanii‚
717 3449 806 3536 quod
836 3471 894 3534 per
924 3471 981 3514 eos
1011 3473 1093 3518 suos
1128 3475 1162 3518 se

181 3551 321 3634 obsides,
342 3574 424 3638 quos
440 3551 562 3619 Crasso
580 3553 755 3636 dedissent,
779 3562 1032 3638 recuperaturos
1048 3557 1161 3621 existi·
