2430 4028
132 285 151 347 6
439 287 488 336 DE
508 287 629 337 BELLO
649 286 806 336 GALLICO

130 475 310 558 principem
334 473 441 540 locum
467 474 670 556 obtinebant,
695 478 748 562 qui
769 477 924 561 dicerent,
950 478 1012 543 sibi
1035 502 1108 545 esse

129 578 294 640 inanimo
325 578 393 642 sine
422 578 488 642 ullo
524 579 684 644 maleficio
719 583 780 645 iter
814 603 872 666 per
905 584 1109 666 provinciam

129 679 248 760 facere,
271 689 446 765 propterea
469 681 557 766 quod
581 680 670 746 aliud
697 685 759 748 iter
786 682 946 749 haberent
968 684 1107 750 nullum:

106 805 255 867 erogare,
271 792 307 846 ut
323 785 393 848 eius
409 783 579 849 voluntate
595 785 629 849 id
646 784 706 849 sibi
723 786 832 852 facere
847 787 956 853 liceat.
974 787 1107 869 Caesar,

128 887 217 971 quod
232 889 389 951 memoria
404 886 537 952 tenebat
554 889 592 952 L.
609 885 760 953 Cassium
776 889 943 956 consulem
964 894 1107 957 occisum

127 992 371 1076 exercitumque
394 991 463 1056 eius
487 992 528 1056 ab
544 991 706 1057 Helvetiis
725 991 855 1077 pulsum
871 1005 903 1059 et
919 994 979 1059 sub
996 997 1108 1079 iugum

104 1096 271 1176 smissum,
297 1095 540 1160 concedendum
565 1118 630 1160 non
652 1096 809 1180 putabat3
832 1121 937 1183 neque
959 1098 1107 1165 homines

126 1200 257 1263 inimico
282 1201 390 1264 animo
409 1198 490 1263 data
506 1197 663 1264 facultate
680 1222 738 1284 per
755 1201 958 1286 provinciam
980 1204 1108 1266 itineris

125 1302 271 1367 faciundi
300 1311 540 1388 temperaturos
568 1300 611 1366 ab
640 1304 758 1367 iniuria
785 1313 818 1367 et
845 1304 1007 1368 maleficio
1040 1307 1107 1368 exi-

104 1405 293 1471 ostimabat.
337 1405 477 1488 Tamen,
513 1414 549 1469 ut
579 1407 721 1490 spatium
749 1406 950 1470 intercedere
984 1420 1106 1492 posset,

126 1510 205 1575 dum
227 1509 358 1589 milites,
383 1531 465 1594 quos
488 1511 717 1594 imperaverat,
741 1512 963 1593 convenirent,
987 1510 1106 1596 legatis

124 1612 309 1698 respondit,
345 1613 430 1678 diem
462 1635 495 1677 sc
524 1614 568 1678 ad
601 1612 848 1678 deliberandum
884 1624 1106 1699 sumpturum:

127 1720 153 1780 si
176 1717 254 1801 qnid
278 1715 409 1797 vellent,
438 1715 482 1780 ad
504 1716 553 1782 Id.
577 1715 681 1802 April.
704 1726 951 1781 reverterentur.

210 1819 240 1882 8.
265 1820 393 1884 Interea
427 1841 466 1884 ea
500 1819 638 1903 legione,
674 1842 772 1905 quam
807 1843 917 1885 secum
951 1820 1107 1910 habebar,

124 1922 361 2008 militibusque,
394 1924 449 2008 qui
473 1945 515 1987 ex
538 1923 708 2007 provincia
731 1933 962 2005 convenerant,
986 1947 1006 1987 a
1029 1922 1106 1989 lecu

125 2027 317 2108 Lemanno,
354 2048 418 2110 qua
451 2027 485 2089 in
519 2025 640 2089 flumen
678 2025 873 2090 Rhodanum
907 2026 1029 2107 influit,
1065 2026 1108 2090 ad

124 2132 268 2196 montem
291 2131 411 2205 Iuram,
437 2132 491 2214 qui
514 2128 596 2193 fines
620 2127 850 2214 Sequanorum
878 2129 919 2194 ab
946 2128 1108 2192 Helvetiis

126 2234 252 2317 dividit,
275 2234 366 2298 milia
388 2255 545 2318 passuum
562 2232 674 2298 decem
698 2255 813 2297 novem
831 2255 959 2298 murum
982 2235 1015 2298 in
1038 2233 1108 2296 alti-

102 2338 271 2403 ctudinem
301 2337 422 2422 pedum
451 2336 591 2400 sedecim
628 2337 816 2420 fossamque
850 2336 1009 2420 perducit.
1055 2336 1106 2399 Eo

125 2464 223 2527 opere
239 2440 385 2525 perfecto
402 2440 568 2525 praesidia
584 2439 738 2525 disponit,
763 2439 900 2504 castella
917 2440 1106 2520 communit,

125 2567 189 2629 quo
214 2544 359 2626 facilius,
392 2547 419 2608 si
444 2567 478 2610 se
501 2545 604 2608 invito
627 2545 768 2609 transire
792 2553 1003 2624 conarentur,
1033 2564 1106 2626 pro·

101 2648 236 2713 ebibere
259 2650 374 2733 possit.
397 2647 463 2712 Ubi
488 2670 527 2712 ea
551 2648 636 2725 dies,
674 2670 772 2733 quam
796 2648 1010 2711 const‘tuerat
1033 2668 1107 2709 cum

124 2751 251 2836 legatis,
274 2753 379 2834 venit,
410 2761 442 2816 et
472 2750 571 2834 legati
600 2751 740 2815 adeum
766 2759 984 2832 reverterunt,
1009 2758 1108 2832 negat

124 2878 159 2919 se
181 2877 272 2920 more
294 2866 328 2919 et
350 2853 503 2939 exemplo
526 2852 640 2940 populi
667 2855 806 2919 Romani
833 2876 932 2938 posse
960 2855 1022 2916 iter
1049 2852 1107 2915 ulli

124 2981 182 3044 per
204 2959 407 3042 provinciam
437 2958 515 3023 dare
548 2966 596 3039 et,
632 2959 659 3020 si
695 2959 760 3022 vim
794 2957 903 3021 facere
936 2965 1106 3037 conentur,

100 3060 364 3146 4prohibiturum
396 3060 547 3126 ostendit.
593 3059 736 3125 Helvetii
760 3083 799 3124 ca
823 3082 881 3144 spe
904 3060 1021 3124 deiecti
1045 3082 1102 3122 na·

122 3165 219 3229 vibus
254 3166 374 3229 iunctis
407 3164 599 3248 ratibusque
639 3161 861 3248 compluribus
896 3163 1014 3243 factiS,
1050 3162 1106 3226 alii

122 3268 217 3332 vadis
240 3267 410 3350 Rhodani,
433 3288 498 3352 qua
520 3268 655 3331 minima
685 3264 822 3329 altitudo
852 3264 994 3330 fluminis
1025 3274 1106 3346 erat,

122 3393 368 3456 nonnumquam
384 3371 534 3453 interdiu,
560 3371 691 3453 saepius
709 3378 819 3450 noctu,
845 3370 872 3432 si
896 3390 1107 3453 perrumpere

122 3483 258 3558 possent
290 3475 418 3557 conati,
454 3475 563 3558 operis
589 3473 769 3536 munitione
803 3481 835 3536 et
862 3471 999 3536 militum
1030 3494 1107 3535 con·

124 3600 222 3643 cursu
245 3587 278 3642 et
300 3577 373 3642 telis
396 3577 517 3663 repulsi
540 3577 603 3642 hoc
629 3585 752 3641 conatu
777 3575 980 3640 destiterunt.
