2430 4028
126 216 189 286 256
433 220 484 269 nn
502 219 622 270 sunno
642 219 800 271 osnnrco

103 411 446 498 ocomprehendebant
460 412 495 476 id
510 413 630 498 ipsum,
655 411 743 499 quod
758 411 957 478 morabatur.
982 411 1104 477 Milites
1146 444 1148 449 ·

126 526 240 582 contra
262 517 384 600 nostri,
420 538 619 603 quamquam
639 516 823 602 periculoso
847 538 965 600 genere
988 515 1104 601 proelii

124 619 264 706 locoque
279 621 391 705 iniquo
408 618 651 705 premebantur,
666 630 779 687 tamen
799 621 908 686 omnia
923 619 1103 684 fortissimo

102 720 333 789 rsustinebant
354 725 474 788 animo.
512 725 577 789 Res
609 725 695 788 enim
718 722 892 809 gerebatur
914 732 948 789 et
969 722 1103 789 excelso

124 825 199 891 loco
229 837 262 890 et
289 827 323 891 iu
352 836 534 912 conspectu
556 829 720 893 exercitus
749 829 869 910 nostri,
898 847 1104 914 magnusque

124 931 285 1017 utrimque
309 930 434 996 clamor
457 931 635 997 oriebatur.
668 930 721 996 Ita
744 931 890 1017 quisque,
913 938 1013 1016 prout
1036 938 1105 995 erat

124 1034 270 1098 maxime
284 1033 433 1118 insignis,
458 1056 522 1119 quo
538 1034 649 1100 notior
664 1035 880 1120 testatiorque
897 1036 1001 1099 virtus
1018 1041 1105 1099 esset

125 1139 205 1220 eius,
228 1136 303 1202 telis
326 1136 469 1202 hostium
491 1137 708 1224 flammaeque
733 1159 768 1202 se
795 1136 963 1203 offerebat.

210 1238 262 1304 43.
292 1239 418 1306 Caesar
447 1264 521 1306 oum
551 1241 736 1326 complures
766 1262 843 1306 suos
869 1239 1037 1307 vulnerari
1057 1243 1103 1307 vi-

125 1345 226 1429 deret,
250 1369 292 1410 ex
317 1344 468 1410 omnibus
492 1344 606 1431 oppidi
621 1342 772 1431 partibus
788 1343 942 1410 cohortes
957 1354 1103 1412 montem
1146 1360 1148 1409 ἱ

124 1449 303 1514 ascendere
332 1458 365 1513 et
399 1447 608 1513 simulatione
641 1448 805 1513 moenium
836 1447 1103 1533 occupandorum
1146 1486 1148 1491 ·

101 1551 302 1618 aclamorem
326 1552 470 1638 undique
492 1549 584 1616 iubet
605 1550 730 1617 tollere.
769 1551 844 1632 Quo
867 1551 957 1616 facto
981 1561 1103 1637 perter-
1146 1612 1148 1631 ,

122 1658 177 1721 riti
201 1656 375 1742 oppidani,
404 1678 494 1733 oum,
521 1655 601 1742 quid
623 1663 775 1739 ageretur
798 1657 832 1719 in
853 1653 936 1720 locis
958 1655 1103 1742 reliquis,

124 1771 234 1825 essent
257 1761 418 1845 suspensi,
441 1769 599 1824 revocant
627 1758 670 1825 ab
692 1757 924 1844 impugnandis
948 1756 1102 1844 operibus

101 1873 267 1928 aarmatos
291 1865 457 1948 murisque
480 1862 669 1948 disponunt.
699 1861 752 1927 Ita
773 1862 877 1928 nostri
898 1860 965 1926 fine
987 1862 1103 1948 proelii

124 1968 213 2032 facto
245 1965 394 2031 celeriter
424 1987 525 2051 opera
553 1965 687 2031 flamma
715 1964 953 2050 comprehensa
984 1967 1103 2050 partim

101 2067 340 2152 rre'stinguunt,
365 2071 483 2155 partim
506 2069 757 2135 interscindunt.
785 2066 868 2134 Cum
890 2069 1104 2154 pertinaciter

123 2173 313 2237 resisterent
336 2172 504 2258 oppidani,
527 2194 649 2257 magna
664 2173 764 2237 etiam
785 2179 879 2256 parte
902 2170 1029 2237 amissa
1050 2172 1103 2237 siti

123 2297 256 2341 suorum
279 2279 312 2340 in
330 2276 494 2341 sententia
514 2284 751 2362 permanerent,
776 2273 819 2340 ad
833 2282 1038 2360 postremum
1053 2297 1105 2340 ou·

123 2378 242 2444 niculis
270 2402 375 2444 venae
402 2380 503 2445 fontis
529 2381 704 2445 intercisae
730 2387 805 2444 sunt
832 2387 933 2464 atque
954 2400 1102 2444 aversae.

100 2482 197 2563 aQuo
223 2483 310 2548 facto
334 2492 469 2569 repente
486 2484 637 2568 perennis
661 2483 791 2548 exaruit
812 2483 887 2547 fons
910 2489 1104 2569 tantamque

123 2585 232 2650 attulit
263 2587 437 2672 oppidanis
467 2587 583 2653 salutis
608 2587 887 2672 desperationem,
915 2593 953 2651 ut
979 2585 1017 2652 id
1037 2608 1104 2651 non

122 2689 292 2756 hominum
322 2690 476 2773 consilio,
514 2689 571 2756 sed
604 2689 739 2756 deorum
772 2688 944 2755 voluntate
977 2689 1104 2755 laetum

122 2802 285 2879 putarent.
331 2794 447 2879 Itaque
478 2816 512 2860 se
535 2796 732 2859 necessitate
754 2793 862 2859 coacti
884 2791 1103 2859 tradiderunt

208 2895 260 2959 44.
285 2894 418 2980 Caesar,
436 2919 511 2962 cum
528 2920 620 2962 suam
633 2897 800 2962 lenitatem
817 2896 985 2981 cognitam
1002 2897 1104 2962 omni·

122 2998 184 3064 bus
209 3001 308 3065 sciret
330 3022 437 3086 neque
459 3011 636 3085 vereretur,
663 3023 704 3065 ne
728 2999 807 3086 quid
830 2998 1026 3066 erudelitate
1048 3021 1104 3065 na·

123 3114 217 3168 turae
240 3103 409 3170 videretur
432 3106 581 3191 asperius
606 3105 733 3187 fecisse,
756 3125 863 3191 neque
878 3105 1006 3169 exitum
1027 3125 1102 3170 oon·

124 3207 269 3272 siliorum
293 3231 425 3274 suorum
448 3207 745 3291 animadverteret,
773 3209 800 3272 si
823 3206 884 3272 tali
905 3207 1035 3274 ratione
1057 3205 1102 3271 di·

123 3313 226 3377 versis
249 3313 284 3376 in
299 3311 381 3377 locis
399 3311 508 3397 plures
525 3311 664 3376 consilia
685 3312 832 3392 inissent,
857 3309 1011 3395 exemplo
1027 3331 1103 3394 sup·

123 3415 212 3501 plioii
237 3415 450 3481 deterrendos
473 3415 617 3501 reliquos
634 3416 844 3480 existimavit.
867 3413 985 3500 Itaque
1003 3414 1104 3479 omni·

122 3517 201 3596 bus,
230 3521 285 3604 qui
308 3543 400 3586 arma
422 3519 583 3604 tulerant,
612 3541 729 3585 manus
752 3516 914 3605 praecidit
934 3518 1104 3605 vitamque
