2430 4028
373 279 483 328 msss
501 279 523 344 Ι,
543 279 619 332 cnr.
640 278 672 330 13
685 281 749 330 -ιθ,
1011 279 1047 341 11

69 467 238 531 institutos
262 489 348 549 esse,
373 469 419 531 uti
444 467 574 532 obsides
598 469 758 552 accipere,
783 491 848 532 non
871 469 950 533 dare
974 490 1050 532 con·

72 569 215 633 suerint:
252 571 320 634 eius
349 571 396 634 rei
425 570 582 655 populum
612 571 795 637 Romanum
824 594 896 636 esse
923 580 1052 637 testem.

72 672 149 737 Hoc
171 695 328 757 responso
353 673 430 737 dato
455 672 614 737 discessit.

161 773 210 839 15.
244 777 379 841 Postero
415 776 467 840 die
506 787 616 843 castra
650 800 693 841 ex
727 799 765 842 eo
800 777 874 842 loco
909 788 1053 843 movent.

71 879 166 943 Idem
189 880 268 943 facit
291 878 414 944 Caesar
436 881 681 965 equitatumque
705 903 849 964 omnem,
878 882 921 946 ad
944 904 1055 946 nume·

74 1005 149 1047 rum
173 992 327 1069 quattuor
349 983 490 1066 milium,
527 1007 623 1069 quem
648 1007 690 1048 ex
715 986 802 1049 omni
827 986 996 1069 provincia
1024 994 1056 1049 et

74 1084 200 1151 Aeduis
225 1096 323 1172 atque
347 1109 457 1151 eorum
482 1087 580 1151 sociis
603 1096 755 1152 coactum
778 1086 933 1170 habebat,
958 1088 1055 1173 'prae-

73 1193 191 1266 mittit,
221 1192 276 1276 qui
298 1190 447 1271 videant,
479 1212 560 1276 quas
589 1192 621 1253 in
645 1200 757 1275 partes
784 1189 896 1256 hostes
925 1193 987 1256 iter
1009 1192 1056 1255 fa-

75 1295 175 1359 ciant.
222 1294 285 1374 Qui
319 1294 470 1378 cupidius
504 1295 719 1358 novissimum
760 1316 878 1378 agmen
919 1295 1080 1358 insecutis

75 1398 184 1463 alieno
226 1398 299 1463 loco
338 1421 409 1475 cum
452 1400 599 1483 equitatu
637 1396 862 1463 Helvetiorum
899 1398 1058 1484 proelium

75 1502 300 1583 committunt,
324 1511 356 1567 et
373 1503 468 1586 pauci
486 1502 526 1565 de
542 1504 663 1566 nostris
687 1501 818 1565 cadunt.
844 1501 916 1582 Quo
934 1500 1081 1585 proelior

76 1606 197 1670 sublati
222 1604 376 1683 Helvetii,
412 1604 501 1689 quod
524 1606 712 1690 quingentis
740 1605 902 1690 equitibus
933 1613 1058 1669 tantam

76 1709 319 1774 multitudinem
350 1709 493 1792 equitum
522 1708 751 1793 propulerant,
787 1708 947 1772 audacius
983 1707 1059 1772 sub·

79 1815 196 1877 sistere
225 1833 470 1896 nonnumquam
495 1821 527 1876 ct
559 1813 739 1876 novissimo
774 1813 902 1895 agmine
936 1811 1059 1898 proelio

76 1926 210 1981 nostros
234 1915 396 1980 lacessere
419 1923 608 1998 coeperunt.
645 1913 769 1979 Caesar
791 1937 867 1980 suos
891 1938 911 1978 a
933 1914 1084 2000 proelior

79 2018 269 2085 continebat
284 2040 323 2082 ac
348 2019 428 2082 satis
444 2017 588 2082 habebat
611 2019 644 2081 iu
661 2019 850 2102 praesentia
866 2014 993 2083 hostem
1012 2041 1062 2082 ra-

79 2124 167 2208 pinis
191 2120 459 2208 pabulationibus
491 2119 853 2207 [populationibuslque
877 2120 1062 2205 prohibere.
1176 2166 1187 2184 s

79 2226 133 2290 Ita
157 2227 226 2291 dies
249 2226 379 2290 circiter
410 2224 596 2310 quindecim
627 2227 689 2290 iter
711 2226 874 2306 fecerunt,
909 2226 957 2288 uti
978 2225 1085 2289 iuters

80 2329 296 2393 novissimum
314 2327 458 2393 hostium
475 2350 592 2412 agmen
609 2337 641 2391 et
663 2338 813 2393 nostrum
834 2329 974 2412 primum
997 2350 1064 2392 non

80 2433 222 2517 amplius
239 2435 347 2518 quinis
371 2442 428 2497 aut
449 2435 536 2498 senis
553 2431 684 2497 milibus
701 2455 857 2518 passuum
880 2433 1064 2496 interesset.

171 2533 218 2598 16.
243 2537 377 2600 Interim
399 2536 519 2600 cotidie
543 2533 665 2601 Caesar
689 2536 823 2600 Aeduos
855 2535 1064 2613 frumentum,

83 2639 171 2724 quod
194 2646 304 2702 essent
318 2637 449 2722 publice
472 2637 621 2722 polliciti,
645 2639 805 2722 flagitare.
829 2637 913 2702 Nam
931 2646 1086 2722 proptera

82 2741 223 2822 frigora,
255 2741 342 2825 quod
366 2739 476 2805 Gallia
506 2740 565 2805 sub
591 2739 886 2826 septentrionibus,
922 2749 958 2804 ut
990 2747 1066 2803 ante

84 2844 208 2908 dictum
232 2852 291 2924 est,
316 2847 426 2929 posita
449 2854 508 2926 est,
532 2867 598 2909 non
614 2845 712 2909 modo
735 2844 898 2908 frumenta
922 2845 955 2908 in
978 2845 1066 2927 agris

83 2956 214 3012 matura
246 2969 313 3011 non
346 2957 460 3028 erant,
501 2947 558 3012 sed
592 2970 633 3011 ne
672 2946 785 3033 pabuli
819 2947 949 3032 quidem
988 2948 1067 3010 satis

83 3071 204 3134 magna
227 3053 325 3136 copia
348 3051 561 3136 suppetebat3
586 3074 624 3116 eo
649 3061 758 3115 autem
781 3052 955 3132 frumento,
980 3049 1089 3134 quoda

84 3154 220 3218 flumine
247 3152 352 3218 Arare
386 3153 526 3218 navibus
562 3152 778 3231 subvexerat,
813 3162 988 3238 propterea
1021 3153 1068 3216 uti

85 3259 192 3321 minus
216 3266 357 3342 poterat,
388 3258 477 3342 quod
500 3261 561 3321 iter
584 3256 626 3321 ab
650 3256 755 3322 Arare
778 3256 922 3320 Helvetii
945 3267 1071 3320 averte-

86 3369 170 3441 rant,
196 3384 216 3424 a
238 3360 355 3445 quibus
379 3360 548 3426 discedere
571 3359 715 3424 nolebat.
750 3360 848 3423 Diem
871 3381 913 3422 ex
937 3359 989 3423 die
1013 3358 1091 3422 dui

87 3486 161 3528 cere
195 3461 317 3528 Aedui:
353 3465 510 3544 conferri,
545 3463 764 3548 comportari,
799 3460 916 3526 adesse
952 3463 1069 3527 dicere.

87 3567 152 3631 Ubi
178 3589 212 3631 se
236 3566 357 3632 diutius
381 3568 456 3632 duci
479 3566 642 3632 intellexit
669 3575 702 3630 et
724 3566 810 3631 diem
832 3565 971 3647 instare,
1004 3587 1093 3649 quos
