2430 4028
134 247 194 311 164
434 249 483 299 nn
503 247 623 298 annno
643 245 801 297 caturco

109 439 270 505 safferret.
294 439 400 502 Trans
415 437 563 502 Rhenum
586 439 630 503 ad
646 436 830 503 Germanos
845 437 997 524 pervenit
1011 436 1110 518 fama,

132 541 228 626 diripi
262 541 434 607 Eburones
467 551 566 626 atque
602 541 688 605 ultro
724 562 837 606 omnes
872 539 916 607 ad
951 539 1111 626 praedam

109 647 271 714 sevocari.
302 643 432 728 Cogunt
460 647 604 731 equitum
633 644 698 709 duo
726 643 817 709 milia
840 641 1028 728 Sugambri,
1058 646 1111 728 qui

132 757 208 813 sunt
241 751 380 833 proximi
414 747 544 829 Rheno,
581 771 601 812 a
631 747 749 833 quibus
778 757 930 833 receptos
957 769 1002 812 ex
1033 747 1113 831 fuga

109 853 314 920 sTencteros
344 861 443 938 atque
466 851 618 936 Usipetes
642 874 743 937 supra
765 850 946 917 docuimus.
992 851 1112 916 Trans·

132 966 208 1018 eunt
237 955 386 1020 Rhenum
416 953 557 1020 navibus
590 954 781 1041 ratibusque
815 956 951 1039 triginta
980 953 1113 1020 milibus

132 1080 290 1142 passuum
314 1057 398 1122 infra
421 1081 496 1122 eum
518 1058 638 1133 locum,
668 1058 724 1123 ubi
748 1081 832 1142 pons
854 1068 926 1123 erat
947 1058 1112 1143 perfectus

132 1161 398 1247 praesidiumque
429 1160 472 1226 ab
502 1162 646 1229 Caesare
674 1163 842 1245 relictum3
871 1165 996 1248 primos
1025 1162 1113 1227 Ebu·

131 1288 247 1331 ronum
271 1265 353 1331 fines
376 1266 514 1348 adeunt3
544 1267 665 1332 multos
694 1289 735 1330 ex
760 1267 839 1350 fuga
862 1264 1033 1350 dispersos
1056 1288 1112 1329 cx·

131 1372 268 1454 cipiunt,
303 1389 422 1452 magno
453 1372 581 1453 pecoris
604 1392 761 1450 numero,
795 1369 888 1433 cuius
922 1377 1001 1433 sunt
1023 1371 1113 1453 cupi·

132 1471 257 1536 dissimi
287 1470 430 1553 barbari,
462 1475 639 1556 potiuntur.
669 1473 804 1537 invitati
833 1470 959 1557 praeda
982 1471 1112 1556 longius

111 1576 324 1661 rprocedunt.
368 1577 442 1641 Non
471 1576 532 1642 bos
563 1576 658 1660 palus
687 1579 720 1641 in
748 1575 835 1640 bello
864 1575 1112 1662 latrociniisque

132 1688 236 1760 natos,
272 1702 336 1743 non
372 1679 475 1744 silvae
509 1690 686 1746 morantur.
722 1678 849 1760 Quibus
886 1680 919 1742 in
953 1677 1039 1745 locis
1072 1681 1112 1744 sit

132 1782 274 1865 Cacsar,
310 1806 352 1846 ex
386 1785 525 1868 captivis
556 1794 733 1870 quaerunt;
768 1783 951 1866 profectum
985 1782 1113 1868 longius

132 1887 297 1969 reperiunt
332 1908 525 1971 omnemque
560 1887 739 1951 exereitum
763 1885 956 1951 discessisse
993 1907 1112 1970 cogno·

111 1998 239 2053 escunt.
280 1989 388 2075 Atque
417 2012 501 2054 unus
530 2012 573 2054 ex
596 1990 747 2074 captivis,
780 1985 874 2074 ‘quid
895 1986 977 2070 vos'‚
997 1990 1112 2075 inquit,

131 2089 402 2158 'transmiseram
433 2116 472 2157 ac
496 2104 626 2157 tenuem
656 2092 826 2156 sectamini
853 2093 1024 2176 praedam,
1047 2094 1112 2178 qui·

134 2199 194 2263 bus
229 2197 307 2261 licet
339 2199 405 2261 iam
437 2218 509 2260 esse
542 2192 840 2261 fortunatissimis?
871 2195 994 2262 Tribus
1027 2195 1113 2261 horis

135 2303 342 2367 Aduatucam
375 2304 488 2365 venire
521 2304 675 2384 potestis:
711 2301 775 2365 buc
804 2322 917 2364 omnes
950 2321 1030 2365 suas
1052 2299 1113 2365 sor·

111 2415 231 2472 otunas
254 2406 418 2469 exercitus
441 2404 662 2467 Romanorum
685 2403 837 2484 contulit3
868 2402 1026 2488 praesidii
1047 2412 1115 2468 tan·

134 2521 202 2574 tum
225 2518 291 2589 est,
326 2517 424 2572 utne
447 2530 557 2572 murus
580 2505 710 2592 quidem
739 2509 826 2589 cingi
855 2508 977 2590 possit,
1012 2527 1115 2592 neque

101 2615 308 2698 roquisquam
338 2611 448 2695 egredi
478 2620 574 2675 extra
597 2611 794 2674 munitiones
822 2604 963 2675 audeat'.
994 2609 1115 2677 Oblata

135 2738 193 2800 spe
210 2713 377 2796 Germani,
402 2736 500 2798 quam
517 2715 606 2777 nacti
629 2723 722 2776 erant
736 2711 904 2797 praedam,
927 2715 962 2778 in
985 2713 1114 2780 occulto

134 2818 336 2904 relinquunt3
367 2820 429 2902 ipsi
460 2818 666 2881 Aduatucam
690 2816 892 2882 contendunt
921 2819 971 2881 usi
1001 2817 1114 2884 eodem

135 2922 227 3002 duce,
251 2925 344 2986 cuius
367 2921 449 2986 baec
471 2921 592 2985 indicio
617 2929 851 2999 cognoverant.

219 3023 271 3089 36.
295 3023 430 3104 Cicero,
464 3025 519 3109 qui
553 3045 666 3088 omnes
700 3024 886 3109 superiores
920 3023 992 3089 dies
1025 3047 1115 3112 prae·

134 3129 238 3213 ceptis
272 3126 426 3192 Caesaris
461 3149 534 3191 cum
569 3149 695 3192 summa
730 3127 901 3210 diligentia
928 3127 1052 3194 milites
1082 3129 1115 3193 in

134 3233 252 3296 castris
275 3232 489 3295 continuisset
524 3252 563 3293 ac
594 3252 634 3293 ne
667 3230 817 3295 calonem
845 3227 977 3315 quidem
1006 3253 1113 3317 quem·

135 3357 232 3420 quam
255 3345 350 3398 extra
365 3335 576 3398 munitionem
596 3333 706 3416 egredi
729 3357 848 3418 passus
863 3343 960 3415 esset,
976 3336 1113 3419 septimo

136 3440 188 3503 die
222 3438 373 3502 diffidens
407 3437 447 3502 de
480 3459 615 3501 numero
650 3436 774 3502 dierum
808 3437 985 3503 Caesarem
1018 3436 1114 3503 tidem

136 3554 359 3609 servaturum.
398 3541 486 3626 quod
521 3540 649 3624 longius
693 3562 905 3626 progressum
946 3539 1112 3619 audiebat
