2430 4028
184 262 227 328 20
493 265 682 317 nnnnnno
701 263 860 316 omnmo

184 456 349 519 facerent:
380 456 470 540 ipsos
495 457 617 541 oppida
639 457 806 542 vicosque,
837 478 918 541 quos
940 452 1167 535 incenderant,

161 559 355 624 *restituere
378 561 483 624 iussit.
520 559 561 624 Id
584 583 623 624 ea
646 562 789 624 maxime
812 561 940 623 ratione
962 557 1050 634 lecit,
1076 558 1168 642 quod

184 661 291 727 noluit
312 685 386 728 eum
409 662 535 740 locum,
564 663 651 727 unde
674 663 818 728 Helvetii
840 662 1077 744 discesserant,
1109 683 1168 726 va-

184 787 269 844 care,
293 788 335 831 ne
358 776 493 851 propter
520 764 703 832 bonitatem
731 788 885 851 agrorum
910 765 1077 840 Germani,
1110 766 1168 850 qui

182 877 274 932 trans
291 868 439 934 Rhenum
455 868 613 952 incolunt,
628 891 646 932 e
662 871 730 934 suis
745 868 864 934 finibus
886 869 920 932 in
936 867 1168 933 Helvetiorum

182 971 264 1036 fines
287 973 463 1038 transirent
493 982 525 1038 et
546 973 674 1038 finitimi
698 972 829 1038 Galliae
860 973 1052 1058 provinciae
1073 971 1168 1036 Allo·

160 1073 404 1162 ⁵brogibusque
427 1086 546 1141 essent.
582 1077 684 1142 Boios
707 1075 893 1162 petentibus
915 1075 1050 1151 Aeduis,
1074 1073 1167 1160 quod

182 1180 316 1262 egregia
348 1182 467 1245 virtute
500 1189 594 1245 erant
626 1181 770 1267 cogniti,
804 1189 841 1244 nt
873 1180 908 1243 in
939 1178 1060 1244 finibus
1095 1181 1167 1244 suis

182 1272 400 1364 collocarentj
433 1286 614 1367 concessit3
649 1283 766 1369 quibus
795 1282 842 1346 illi
870 1304 970 1366 agros
1002 1280 1167 1348 dederunt

182 1407 330 1471 quosque
352 1396 469 1471 postea
497 1390 532 1452 in
554 1408 668 1472 parem
695 1387 774 1451 iuris
797 1384 1023 1470 libertatisque
1047 1386 1167 1451 condi·

181 1489 320 1572 cionem,
344 1499 443 1575 atque
466 1493 531 1576 ipsi
553 1500 656 1573 erant,
678 1499 881 1575 receperunt.

267 1593 317 1657 29.
355 1594 395 1659 In
427 1597 546 1659 castris
580 1594 807 1660 Helvetiorum
845 1592 978 1658 tabulae
1012 1602 1165 1678 repertae

182 1706 257 1761 sunt
278 1697 394 1762 litteris
419 1696 558 1762 Graecis
587 1699 758 1764 confectae
780 1708 813 1763 et
842 1698 886 1762 ad
909 1696 1087 1762 Caesarem
1112 1721 1165 1763 re·

181 1799 285 1877 latae,
315 1800 434 1886 quibus
462 1804 495 1866 in
524 1799 645 1866 tabulis
674 1801 866 1867 nominatim
894 1801 978 1865 ratio
1008 1800 1166 1866 confecta

182 1911 262 1986 erat,
291 1905 346 1989 qui
374 1927 528 1969 numerus
559 1905 656 1969 domo
688 1906 812 1969 exisset
834 1927 961 1987 eorum,
990 1905 1045 1988 qui
1069 1927 1166 1970 arma

180 2005 266 2070 ferre
288 2017 439 2091 possent,
469 2018 501 2071 et
527 2008 606 2073 item
629 2000 804 2093 seperatim
831 2010 940 2094 pueri,
975 2030 1069 2072 senes
1092 2031 1165 2074 mu·

160 2109 350 2195 ²lieresque.
410 2111 557 2191 Quarum
596 2096 739 2177 omnium
781 2133 889 2177 rerum
926 2133 1054 2176 summa
1091 2122 1166 2177 erat

182 2215 328 2299 capitum
363 2213 590 2278 Helvetiorum
628 2215 719 2281 milia
755 2231 903 2296 chxln,
944 2214 1164 2297 Tulingorum

184 2316 274 2381 milia
295 2335 419 2394 xxxvl,
443 2317 675 2383 Latovicorum
698 2337 788 2400 xm1‚
811 2320 1035 2384 Rauracorum
1058 2336 1164 2400 xxm,

181 2419 337 2485 Boiorum
371 2437 488 2503 xxxn3
523 2443 567 2485 ex
601 2421 652 2486 his
680 2423 735 2507 qui
772 2443 863 2486 arma
892 2421 977 2486 ferre
1010 2431 1162 2506 possent,

181 2523 224 2587 ad
247 2523 337 2587 milia
365 2526 546 2609 nonaginta
574 2524 649 2590 duo.
695 2524 829 2590 Summa
857 2527 1002 2590 omnium
1028 2525 1164 2590 fuerunt

158 2625 227 2690 ⁸ad
248 2626 339 2692 milia
361 2643 547 2691 ccccxvln.
588 2628 721 2710 Eorum,
751 2628 807 2714 qui
830 2629 962 2693 domum
984 2626 1162 2710 redierunt,

181 2750 282 2794 censu
304 2729 434 2812 habito,
464 2740 500 2795 ut
526 2729 650 2795 Caesar
678 2733 907 2816 imperaverat,
939 2739 1087 2816 repertus
1111 2740 1163 2796 cst

181 2855 333 2898 numerus
356 2832 481 2898 milium
504 2850 524 2897 c
547 2843 579 2898 et
601 2852 635 2897 x.

265 2933 317 2999 30.
341 2934 433 3001 Bello
450 2936 676 3002 Helvetiorum
699 2937 850 3002 confecto
874 2937 973 3001 totins
995 2936 1063 3001 fere
1081 2937 1161 3003 Gal·

179 3038 243 3104 liae
266 3039 375 3124 legati,
399 3041 564 3127 principes
586 3042 766 3123 civitatum,
791 3041 835 3105 ad
858 3040 1033 3105 Caesarem
1049 3053 1161 3126 gratu·

157 3140 281 3206 ²latum
315 3154 553 3209 convenerunt:
588 3144 777 3228 intellegere
814 3165 901 3225 seso,
936 3145 1067 3207 tametsi
1099 3166 1159 3228 pro

178 3244 344 3310 veteribus
378 3247 605 3311 Helvetiorum
638 3248 763 3311 iniuriis
798 3245 910 3331 populi
939 3246 1078 3310 Romani
1114 3246 1160 3312 ab

156 3346 229 3412 3his
258 3371 382 3433 poenas
405 3349 492 3414 bello
526 3352 714 3435 repetisset,
749 3359 858 3413 tamen
888 3371 959 3413 eam
993 3371 1061 3412 rem
1091 3372 1160 3415 non

177 3455 285 3516 minus
314 3474 356 3516 ex
378 3475 440 3517 usu
458 3463 565 3518 terrae
595 3453 725 3518 Galliae
755 3474 854 3537 quam
882 3450 994 3536 populi
1017 3452 1159 3518 Romani

178 3554 350 3639 accidisse,
374 3565 550 3642 propterea
572 3557 660 3641 quod
691 3579 729 3621 eo
753 3555 891 3626 consilio
918 3554 1160 3624 florentissimis
