2430 4028
405 240 515 289 meua
534 241 566 302 v,
592 239 668 290 cae.
688 242 798 293 42-44.
1033 242 1088 305 131

108 440 255 514 caretur,
282 439 319 495 ut
342 452 377 494 se
401 429 461 495 sub
490 431 562 516 ipso
587 429 674 495 vallo
699 432 967 515 constipaverant
989 454 1092 498 reces-

108 556 247 621 sumque
269 534 383 620 primis
405 533 510 599 ultimi
533 556 600 598 non
623 532 758 599 dabant.
792 534 931 601 Paulum
956 536 1112 621 quideme

106 639 295 703 intermissa
323 637 456 702 flamma
485 646 517 702 et
541 637 684 723 quodam
707 637 781 703 loco
809 641 889 703 turri
913 639 1035 705 adacta
1058 651 1091 706 et

107 742 320 826 contingente
348 739 471 804 vallum
500 742 616 806 tertiae
646 741 791 808 cohortis
814 746 1024 810 centuriones
1048 769 1090 810 ex

107 868 160 928 eo,
196 867 260 931 quo
291 843 440 920 stabant,
469 842 543 910 loco
572 856 779 911 recesserunt
807 868 949 932 suosque
980 870 1091 914 omnes

106 957 329 1027 removerunt,
353 957 434 1013 nutu
449 949 651 1036 vocibusque
672 950 794 1033 hostes,
819 953 847 1016 si
869 953 1004 1017 introire
1025 952 1092 1017 vel·

106 1053 187 1135 lent,
211 1073 333 1117 vocare
356 1061 551 1138 coeperunt,
581 1075 721 1138 quorum
743 1054 896 1140 progredi
919 1077 1019 1120 ausus
1042 1064 1092 1119 ost

105 1177 216 1222 nemo.
240 1155 324 1221 Tum
343 1178 385 1220 ex
409 1157 496 1221 omni
513 1165 606 1240 parte
621 1156 788 1241 lapidibus
804 1160 961 1223 coniectis
984 1158 1114 1229 detur-r

105 1257 189 1342 bati,
214 1261 379 1346 turrisque
404 1281 564 1324 succensa
594 1270 654 1327 cst.

195 1360 247 1424 44.
278 1363 384 1427 Erant
407 1364 438 1427 in
463 1385 505 1428 ea
526 1362 654 1446 legione
679 1365 848 1429 fortissimi
873 1368 952 1449 viri,
982 1376 1091 1431 centu·

104 1469 228 1547 riones,
252 1468 308 1553 qui
329 1468 443 1551 primis
468 1466 636 1534 ordinibus
661 1471 975 1555 appropinquarent,
995 1472 1090 1537 Titus

105 1569 202 1636 Pulio
233 1579 265 1635 et
293 1570 417 1636 Lucius
444 1570 605 1636 Vorenus.
653 1571 694 1635 Hi
728 1583 905 1658 perpetuas
941 1577 1025 1640 inter
1055 1599 1126 1641 sea

105 1677 354 1741 controversias
377 1674 556 1754 habebant,
577 1678 712 1761 quinam
735 1677 967 1756 anteferretur,
992 1681 1092 1745 omni·

103 1777 236 1864 busque
259 1781 353 1844 annis
377 1778 418 1844 de
440 1779 523 1844 locis
548 1781 682 1844 summis
706 1779 926 1845 simultatibus
959 1792 1091 1848 eonten-

106 1881 243 1947 debant.
266 1881 320 1946 Ex
343 1880 393 1945 his
417 1882 520 1964 Pulio,
545 1905 620 1947 curn
642 1886 801 1948 acerrime
824 1883 867 1949 ad
890 1887 1090 1953 munitiones
1114 1910 1126 1949 s

106 1996 320 2073 pugnaretur,
336 1981 429 2072 ‘quid
441 1981 591 2068 dubitas,'
610 1983 903 2072 inquit,‘Vorene?
922 1999 978 2055 aut
994 2013 1091 2076 quem

106 2090 219 2154 locum
236 2100 312 2154 tuae
324 2088 518 2175 probandae
530 2091 661 2155 virtutis
675 2092 875 2176 exspectas?
888 2093 952 2158 Hic
966 2094 1036 2159 dies
1050 2094 1090 2159 dc
1197 2112 1204 2129 ‘

105 2194 230 2258 nostris
254 2194 486 2258 controversiis
509 2189 685 2258 iudicabit?
727 2195 820 2259 Haec
844 2218 918 2261 curn
942 2196 1088 2272 dixisset,
1113 2222 1126 2261 t

105 2294 260 2383 procedit
287 2306 382 2361 extra
411 2298 627 2377 munitiones,
663 2320 812 2384 quaeque
841 2322 916 2384 pars
946 2301 1089 2366 hostium

106 2399 352 2465 confertissima
367 2409 418 2466 est
436 2403 517 2483 visa,
534 2403 694 2486 irrumpit.
719 2402 768 2466 Ne
784 2404 934 2469 Vorenus
958 2406 1089 2489 quidem
1114 2427 1126 2467 s

106 2527 183 2570 sese
210 2502 298 2568 vallo
322 2505 486 2588 continet,
520 2504 579 2569 sed
609 2507 754 2570 omniurn
780 2507 902 2572 veritus
926 2509 1090 2573 existima·

105 2610 233 2674 tionem
263 2605 481 2694 subsequitur.
526 2607 688 2674 Mediocri
712 2611 820 2695 spatio
851 2609 966 2676 relicto
996 2611 1125 2679 Pulios

104 2711 210 2798 pilum
224 2712 266 2775 in
290 2710 401 2776 hostes
424 2713 570 2777 immittit
585 2722 685 2797 atque
707 2735 809 2779 unum
824 2737 867 2778 ex
882 2712 1089 2779 multitudine

104 2811 353 2902 procurrentem
386 2816 512 2897 traicit3
547 2838 611 2902 quo
642 2837 797 2901 percusso
832 2826 866 2881 et
899 2818 1089 2883 exanimato

104 2919 196 2984 hunc
220 2919 322 2984 scutis
345 2926 531 3004 protegunt,
554 2920 588 2983 iu
604 2918 733 2984 hostem
749 2920 815 2985 tela
835 2922 977 2987 universi
1001 2924 1089 2988 coni-

105 3028 201 3088 ciunt
227 3044 333 3107 neque
364 3022 446 3087 dant
478 3022 687 3106 regrediendi
720 3023 924 3089 facultatem.
968 3026 1124 3091 Trans-r

103 3129 220 3213 figitur
236 3135 364 3191 scutum
380 3125 506 3190 Pulioni
530 3135 563 3190 et
578 3135 727 3192 verutum
743 3128 776 3191 in
798 3126 907 3194 balteo
926 3128 1088 3213 defigitur.

103 3231 238 3298 Avertit
261 3227 315 3294 hic
339 3251 435 3294 casus
459 3232 624 3313 vaginam,
648 3239 681 3294 et
703 3230 851 3314 gladium
874 3231 1013 3297 educere
1036 3255 1089 3298 co·
1112 3260 1125 3299 s

103 3333 201 3400 nanti
217 3331 372 3398 dextram
387 3343 534 3400 moratur
545 3358 690 3421 manum,
707 3335 964 3422 impeditumque
976 3337 1090 3402 hostes

104 3437 363 3503 circumsistunt.
380 3437 548 3504 Succurrit
561 3441 711 3506 inimicus
723 3439 772 3504 illi
782 3440 934 3505 Vorenus
951 3449 983 3504 et
998 3439 1088 3506 labo·
1114 3467 1126 3504 o

103 3544 194 3609 ranti
223 3539 383 3606 subvenit.
431 3541 483 3607 Ad
512 3542 598 3609 hunc
632 3569 667 3610 se
695 3545 869 3610 confestim
898 3566 918 3608 a
948 3544 1084 3608 Polione
1100 3569 1125 3608 ro

898 3663 935 3713 9*
