2430 4028
398 244 509 294 nmns
525 244 586 303 vn,
606 243 682 294 cir.
702 244 811 294 ss-u.
1029 243 1093 306 215

108 460 204 502 suum
225 437 261 502 in
277 436 515 521 longitudinem
538 445 650 522 patere
665 457 767 521 supra
785 435 1091 501 demonstravimus.

108 541 246 606 Summa
274 541 307 604 vi
337 539 379 604 ab
408 542 555 625 utrisque
585 538 803 603 contenditur.
849 537 1115 602 Laborantibuss

108 645 232 709 nostris
256 641 381 709 Caesar
404 642 590 709 Germanos
615 642 776 707 submittit
798 641 1009 727 legionesque
1032 663 1091 726 pro

109 748 231 813 castris
254 749 435 830 constituit,
459 770 500 810 ne
524 769 589 832 qua
606 745 713 811 subito
733 747 869 831 irruptio
886 744 928 809 ab
952 744 1092 810 hostium

108 849 260 936 peditatu
283 850 351 914 fiat.
380 849 548 915 Praesidio
564 850 728 932 legionum
753 848 866 913 addito
889 851 1011 914 nostris
1027 851 1113 913 ani-s

107 977 179 1019 mus
204 963 357 1037 augetur3
382 953 494 1018 hostes
516 956 547 1018 in
567 955 679 1037 fugam
702 955 845 1017 coniecti
869 954 989 1038 seipsi
1013 954 1092 1018 mul·

105 1056 247 1122 titudine
263 1058 444 1142 impediunt
460 1068 558 1143 atque
581 1056 826 1141 angustioribus
844 1057 946 1141 portis
969 1053 1092 1121 relictis

107 1170 361 1227 coacervantur.
389 1162 545 1226 Germani
571 1163 679 1225 aerius
702 1183 804 1247 usque
832 1161 874 1225 ad
897 1160 1114 1224 munitionest

107 1273 300 1351 sequuntur.
324 1266 379 1329 Fit
396 1287 516 1349 magna
533 1265 669 1344 caedesq
693 1264 839 1329 nonnulli
863 1264 985 1328 relictis
1001 1265 1115 1349 squiss

105 1368 235 1433 fossam
258 1371 398 1431 transire
423 1377 454 1432 et
478 1369 653 1432 maceriam
671 1367 902 1432 transcendere
922 1375 1091 1431 conantur.

106 1469 249 1536 Paulum
265 1469 412 1553 legiones
429 1471 562 1552 Caesar,
587 1492 669 1556 quas
686 1492 743 1554 pro
761 1469 848 1535 vallo
865 1469 1090 1553 constituerat,

108 1574 299 1660 promoveri
322 1572 422 1638 iubet.
467 1573 542 1637 Non
565 1575 681 1654 minus,
710 1575 764 1658 qui
788 1575 872 1637 intra
894 1573 1113 1638 munitioness

111 1684 223 1755 erant,
254 1674 487 1761 perturbantur
510 1675 616 1760 Galli,
647 1677 750 1741 veniri
786 1677 829 1741 ad
859 1699 892 1741 se
920 1677 1091 1741 confestim

106 1780 338 1846 existimantes
366 1780 410 1845 ad
433 1802 525 1844 arma
547 1780 770 1861 conclamant3
801 1779 948 1845 nonnulli
971 1789 1091 1864 perter·

105 1884 159 1948 riti
173 1885 207 1947 in
227 1881 385 1968 oppidum
396 1884 589 1969 irrumpunt.
607 1883 858 1967 Vercingetorix
874 1882 963 1949 iubet
979 1893 1112 1969 portast

105 1986 230 2069 claudi,
254 2007 296 2050 ne
320 1995 432 2051 castra
453 1987 625 2051 nudentur.
656 1987 768 2052 Multis
791 1987 979 2069 interfectis,
1005 2008 1090 2051 com·

104 2089 258 2174 pluribus
290 2091 382 2174 equis
406 2092 512 2174 captis
537 2089 691 2156 Germani
718 2114 790 2156 sese
818 2093 987 2176 recipiunt.

185 2191 249 2254 tl.
266 2191 529 2277 Vercingetorix,
552 2196 740 2279 priusquam
760 2196 956 2260 munitiones
974 2192 1016 2257 ab
1030 2192 1091 2257 Ro·

109 2297 221 2361 manis
256 2295 485 2382 perficiantur,
518 2297 688 2363 consilium
718 2299 807 2383 capit
836 2319 963 2362 omnem
991 2295 1032 2361 ab
1058 2318 1091 2361 se

109 2401 292 2485 equitatum
307 2411 407 2464 noctu
423 2401 593 2466 dimittere.
618 2401 873 2467 Discedentibus
888 2400 1034 2479 mandat,
1056 2408 1112 2464 uti

59 2499 62 2502 ’
109 2525 206 2568 suam
232 2506 371 2588 quisque
395 2527 506 2569 eorum
522 2507 686 2570 civitatem
711 2505 809 2570 adeat
827 2526 1013 2591 omnesque,
1038 2505 1090 2589 qui

104 2628 165 2691 per
189 2613 333 2671 aetatem
357 2629 449 2671 arma
472 2608 555 2672 ferre
579 2610 721 2692 possint,
750 2610 794 2673 ad
816 2608 937 2674 bellum
961 2616 1091 2691 cogant·

106 2707 177 2773 Sua
201 2709 235 2771 in
257 2707 333 2773 illos
356 2713 473 2774 merita
496 2713 651 2797 proponit
674 2711 930 2799 obtestaturque,
954 2721 990 2776 ut
1013 2732 1112 2776 suaet

108 2809 226 2876 salutis
245 2814 405 2878 rationem
424 2814 577 2897 habeant,
595 2838 658 2880 neu
682 2838 717 2880 se
734 2820 854 2901 optime
871 2817 911 2881 de
926 2814 1090 2882 communi

108 2914 264 2980 libertate
302 2918 452 2981 meritum
489 2917 639 2983 hostibus
676 2920 708 2981 in
743 2921 923 2984 cruciatum
958 2918 1089 2985 dedant.

107 3018 208 3099 Quod
232 3019 260 3084 si
286 3019 546 3105 indiligentiores
569 3024 706 3106 fuerint,
734 3022 824 3089 milia
846 3022 1012 3088 hominum
1036 3020 1090 3087 de·

105 3121 197 3188 lecta
233 3125 403 3207 octoginta
436 3147 501 3189 una
536 3148 646 3191 secum
676 3127 845 3191 interitura
876 3125 1087 3191 domonstrat.

107 3226 250 3291 Ratione
273 3227 354 3290 inita
377 3229 497 3311 exigue
514 3227 638 3295 dierum
664 3253 698 3295 se
721 3230 842 3297 habere
857 3247 929 3295 xxx
949 3232 1110 3296 frumans

104 3345 192 3415 tum,
224 3332 282 3398 sed
310 3334 411 3418 paulo
442 3337 540 3401 etiarn
568 3336 698 3422 longius
726 3336 858 3402 tolerari
888 3356 986 3421 possa
1016 3354 1087 3419 par·

104 3436 222 3502 cendo.
267 3437 331 3500 His
361 3437 447 3504 datis
475 3439 658 3520 mandatis,
693 3463 757 3529 qua
785 3461 868 3526 opus
897 3447 969 3504 erat
994 3439 1110 3503 interr

102 3543 257 3625 missum,
282 3541 428 3607 secunda
450 3542 562 3627 vigilia
587 3543 715 3611 silentio
737 3545 917 3630 equitatum
942 3540 1085 3607 dimittit.
