2430 4028
124 235 187 300 232
426 235 476 285 ΒΕ
496 235 616 288 BELLO
638 235 797 288 osnnlco

122 424 283 507 bibernis3
300 424 371 509 ipse
383 426 527 513 equitum
540 425 704 511 praesidio
718 425 823 512 pridie
835 423 911 490 Kal.
923 425 1102 492 Ianuarias

122 527 165 592 ab
198 526 320 613 oppido
343 528 498 595 Bibracte
521 529 741 615 proficiscitur
764 529 808 595 ad
830 527 994 613 legionem
1014 540 1101 604 xm,

123 652 221 716 quam
243 653 311 697 non
339 630 437 717 longe
465 655 486 697 a
512 633 634 699 finibus
659 633 848 699 Aeduorum
877 632 1104 698 collocaverat

121 735 155 798 in
184 734 304 800 finibus
327 734 527 821 Biturigum,
551 738 645 823 eique
674 737 823 822 adiungit
851 736 1014 820 legionem
1044 755 1104 816 xn,

101 860 207 923 aquae
231 840 383 925 proxima
406 839 524 906 fuerat.
567 840 662 906 Binis
685 840 876 907 cohortibus
903 840 947 906 ad
969 841 1106 926 impedi-

123 951 234 1007 menta
257 943 380 1008 tuenda
402 943 525 1011 relictis
541 945 702 1031 reliquum
725 945 905 1010 exercitum
928 945 962 1008 in
993 946 1108 1029 copio-

124 1046 272 1111 sissimos
297 1067 396 1130 agros
420 1048 603 1133 Biturigum
632 1048 774 1131 inducit,
809 1050 880 1135 qui,
918 1069 993 1114 cum
1019 1046 1109 1113 latos

122 1146 204 1212 fines
228 1158 261 1214 et
284 1150 454 1236 complura
484 1152 607 1236 oppida
636 1150 810 1235 haberent,
841 1151 938 1216 unius
966 1149 1108 1235 legionis

123 1250 269 1319 hibernis
292 1276 358 1318 non
382 1255 549 1339 potuerint
571 1257 742 1340 contineri,
768 1255 845 1341 quin
862 1253 986 1320 bellum
1007 1276 1106 1340 para·

124 1365 198 1421 rent
220 1358 531 1444 coniurationesque
558 1359 716 1424 facerent.

210 1459 241 1524 3.
257 1461 441 1546 Repentino
458 1461 604 1528 adventu
619 1459 774 1527 Caesaris
790 1461 921 1545 accidit,
943 1462 1033 1549 quod
1048 1464 1108 1528 im-

124 1565 250 1650 paratis
275 1565 487 1651 disiectisque
509 1565 660 1631 accidere
690 1566 751 1630 fuit
785 1586 937 1648 necesse,
971 1575 1009 1631 ut
1038 1569 1108 1633 sine

124 1669 241 1734 timore
263 1666 330 1734 ullo
353 1691 432 1733 rura
460 1668 607 1734 colentes
630 1670 721 1754 prius
750 1667 792 1733 ab
822 1670 970 1754 equitatu
998 1672 1107 1756 oppri-

102 1780 298 1855 merentur,
323 1793 421 1859 quam
444 1772 621 1858 confugere
643 1774 678 1837 in
702 1772 825 1857 oppida
840 1780 985 1856 possent.
1009 1772 1111 1837 Nam-

125 1895 187 1960 que
210 1874 309 1940 etiam
331 1876 412 1942 illud
435 1876 571 1960 vulgare
587 1876 783 1942 incursionis
805 1873 950 1941 bostium
966 1877 1107 1961 signum,

125 1976 214 2063 quod
236 1978 398 2045 incendiis
415 1978 639 2044 aedificiorum
655 1976 801 2062 intellegi
824 1980 1007 2063 consuevit,
1026 1977 1109 2045 Cae·

127 2082 211 2146 saris
236 2089 307 2146 erat
329 2081 502 2147 interdicto
521 2074 703 2165 sublatum,
730 2103 773 2147 nc
796 2089 853 2145 aut
875 2081 973 2166 copia
995 2081 1113 2166 pabuli⁴

126 2183 356 2273 frumentique,
381 2186 408 2250 si
431 2184 562 2269 longius
585 2183 740 2270 progredi
762 2184 878 2268 vellet,
902 2184 1108 2268 deficeretur,

104 2297 185 2355 seut
212 2288 323 2354 hostes
352 2288 513 2354 incendiis
540 2298 747 2354 terrerentur.
792 2287 905 2354 Multis
938 2286 1108 2354 hominum

126 2391 258 2457 milibus
281 2394 388 2478 captis
411 2393 575 2478 perterriti
599 2393 780 2473 Bituriges,
811 2394 867 2477 qui
890 2392 1032 2477 primum
1054 2392 1111 2457 ad·

126 2504 261 2560 ventum
283 2505 460 2580 potuerant
482 2497 625 2581 effugere
640 2496 874 2572 Romanorum,
897 2496 931 2559 in
952 2494 1111 2562 finitimas

126 2600 277 2665 civitates
301 2607 359 2663 aut
381 2600 519 2686 privatis
547 2599 698 2684 hospitiis
728 2596 845 2663 confisi
867 2601 1109 2665 antsocietate

102 2701 338 2769 tconsiliorum
363 2705 590 2788 confugerant.
618 2704 770 2769 Frustra:
794 2724 870 2768 nam
893 2700 1020 2768 Caesar
1040 2725 1109 2769 ma·

125 2809 199 2892 gnis
226 2808 398 2873 itineribus
429 2807 580 2873 omnibus
603 2806 686 2872 locis
711 2807 855 2871 occurrit
881 2827 942 2870 nec
970 2806 1029 2871 dat
1050 2805 1110 2871 ulli

126 2912 252 2976 civitati
277 2913 418 2996 spatium
442 2911 483 2978 de
499 2911 608 2977 aliena
623 2912 732 2997 potius
750 2907 906 2996 quamde
926 2907 1110 2976 domestica

127 3014 231 3079 salute
266 3016 450 3100 cogitandi;
485 3038 549 3101 qua
569 3013 751 3080 celeritate
780 3022 813 3079 et
839 3013 953 3079 fideles
982 3015 1110 3079 amicos

126 3117 291 3183 retinebat
306 3127 338 3183 et
354 3117 543 3184 dubitantes
567 3128 689 3184 terrore
712 3117 756 3182 ad
781 3117 994 3183 condiciones
1013 3118 1109 3204 pacis

105 3220 325 3287 sadducebat.
348 3222 422 3287 Tali
438 3223 632 3288 condicione
648 3223 821 3308 proposita
834 3220 1012 3306 Bituriges,
1034 3243 1114 3288 cum

129 3323 193 3389 sibi
216 3325 365 3390 viderent
395 3325 568 3391 clementia
592 3324 745 3391 Caesaris
774 3325 914 3390 reditum
936 3334 1053 3409 patere
1074 3329 1108 3392 in

128 3431 198 3494 eius
221 3431 400 3495 amicitiam
421 3430 642 3517 finitimasque
661 3432 812 3496 civitates
829 3431 899 3496 sine
914 3427 983 3494 ulla
997 3450 1108 3515 poena
