2430 4028
396 273 507 323 umus
523 273 588 338 rur,
609 272 685 324 cus.
707 273 817 326 12-15.
1051 273 1092 338 39

111 467 232 532 castris
262 463 376 530 eduxit
407 466 667 550 equitatumque,
698 464 786 549 quod
816 466 938 529 recenti
966 466 1091 551 proelio

111 569 318 655 perterritum
341 591 413 632 esse
430 566 653 651 existimabat,
677 589 795 651 agmen
816 568 970 655 subsequi
986 572 1090 636 iussit.

201 671 248 735 14.
267 672 347 737 Acie
363 671 483 757 triplici
500 673 650 736 instituta
667 681 698 735 et
714 671 862 738 celeriter
878 685 952 741 octo
969 675 1092 740 milium

109 778 227 841 itinere
256 776 405 840 confecto
436 776 526 859 prius
559 774 601 838 ad
630 774 772 839 hostium
796 786 905 842 castra
935 781 1092 864 pervenit,

112 902 222 965 quam,
247 879 327 965 quid
349 888 509 963 ageretur,
535 877 692 942 Germani
716 881 835 945 sentire
859 892 1003 966 possent.
1029 883 1114 964 Quis

112 981 266 1048 omnibus
289 982 387 1048 rebus
413 981 519 1047 subito
544 983 716 1067 perterriti,
739 993 773 1047 et
789 983 956 1051 celeritate
972 987 1093 1050 adven-

108 1096 162 1152 tus
186 1087 290 1150 nostri
306 1095 339 1149 et
355 1086 504 1150 discessu
521 1108 663 1163 suorum,
681 1107 786 1172 neque
806 1088 932 1152 consilii
949 1089 1092 1154 habendi

110 1211 217 1276 neque
241 1211 332 1254 arma
356 1188 508 1274 capiendi
532 1191 639 1274 spatio
664 1190 742 1255 dato
767 1191 1009 1276 perturbantur,
1039 1215 1091 1256 co-

108 1295 226 1376 piasne
243 1292 401 1358 adsersus
418 1292 544 1357 hostem
562 1293 690 1376 ducere,
716 1316 758 1358 an
775 1303 885 1360 castra
906 1295 1091 1377 defendere,

107 1420 152 1462 an
176 1398 256 1480 fuga
286 1396 424 1460 salutem
449 1407 558 1481 petere
586 1405 778 1482 praestaret.
825 1397 972 1479 Quorum
995 1401 1113 1465 timors

107 1523 185 1564 oum
214 1501 346 1565 fremitu
369 1507 401 1562 et
423 1520 586 1563 concursu
609 1498 864 1584 significaretur,
893 1500 1013 1566 milites
1036 1525 1091 1568 no-

107 1605 168 1669 stri
198 1603 326 1688 pristini
356 1601 419 1666 diei
448 1600 585 1685 perfidia
613 1602 738 1667 incitati
767 1602 801 1666 in
829 1612 939 1668 castra
965 1606 1089 1691 irrupe-

105 1715 194 1772 runt.
219 1705 292 1786 Quo
316 1705 389 1770 loco
408 1706 462 1789 qui
486 1704 635 1769 celeriter
658 1728 749 1770 arma
765 1728 883 1791 capere
899 1720 1113 1794 potuerunt‚r

106 1809 279 1896 paulisper
300 1810 421 1873 nostris
444 1810 633 1873 restiterunt
655 1819 754 1894 atque
783 1811 867 1875 inter
895 1834 1007 1877 carros
1030 1815 1088 1878 inr-

106 1913 361 1998 pedimentaque
377 1913 537 1998 proelium
554 1914 802 1997 commiserunt3
819 1923 852 1978 at
867 1915 994 2001 reliqua
1009 1916 1112 1981 mul-⁵

106 2017 214 2083 titudo
228 2039 401 2102 puerorum
415 2017 654 2103 mulierumque·
668 2020 756 2100 (nam
771 2039 846 2082 cum
858 2019 1008 2084 omnibus
1023 2023 1089 2085 suis

108 2121 209 2185 domo
242 2131 453 2186 excesserant
475 2121 689 2208 Rhenumque
723 2124 933 2206 transierant)
964 2127 1089 2210 passim

106 2225 223 2308 fugere
251 2224 375 2309 coepit3
410 2224 452 2288 ad
476 2247 558 2310 quos
588 2226 829 2292 consectandos
855 2225 978 2292 Caesar
1004 2231 1090 2314 equi·

106 2337 212 2393 tatum
236 2329 334 2392 misit.

197 2429 247 2494 15.
272 2429 427 2495 Germani
452 2441 526 2516 post
549 2439 675 2514 tergum
699 2432 841 2498 clamore
866 2436 989 2519 audito,
1013 2459 1088 2501 cum

106 2555 186 2599 suos
210 2533 349 2599 interfici
372 2534 529 2615 viderent,
554 2537 654 2599 armis
678 2535 815 2601 abiectis
844 2540 1010 2625 signisque
1033 2542 1089 2605 mi-

104 2636 258 2702 litaribus
292 2637 415 2703 relictis
445 2661 479 2702 se
508 2662 550 2704 ex
579 2642 697 2704 castris
734 2641 913 2724 eiecerunt,
949 2651 981 2706 et
1014 2665 1110 2707 cums

106 2738 152 2804 ad
168 2739 387 2806 confluentem
404 2741 518 2807 Mosae
535 2751 567 2806 et
581 2742 685 2806 Rheni
701 2745 939 2827 pervenissent,
963 2745 1088 2831 reliqua

104 2844 185 2927 fuga
209 2843 396 2928 desperata,
419 2866 539 2929 magno
556 2868 689 2910 numero
714 2846 895 2929 interfecto,
919 2847 1036 2933 reliqui
1053 2871 1088 2912 se

103 2945 281 3011 indumen
305 2948 604 3033 praecipitaverunt
631 2959 729 3034 atque
757 2949 803 3014 ibi
833 2951 966 3031 timore,
995 2951 1087 3016 lassi·

103 3051 234 3133 tudine,
269 3051 302 3114 vi
324 3050 467 3116 fluminis
503 3055 651 3136 oppressi
687 3055 860 3137 perierunt.
905 3054 1015 3119 Nostri
1044 3055 1109 3120 ads

103 3177 205 3221 unum
223 3176 334 3219 omnes
350 3154 530 3220 incolumes
549 3158 722 3239 perpaucis
743 3157 922 3221 vulneratis
940 3180 982 3222 ex
1006 3161 1087 3223 tanti

102 3257 182 3324 belli
199 3257 325 3342 timore,
340 3280 415 3323 curn
430 3258 575 3323 hostiurn
594 3281 746 3324 numerus
764 3263 908 3344 capitum
927 3277 1087 3326 ccccxxx

102 3364 230 3428 milium
253 3363 378 3446 fuisset,
402 3385 437 3428 se
460 3365 493 3428 in
517 3373 627 3427 castra
649 3373 852 3450 receperunt.
888 3363 1012 3429 Caesar
1035 3368 1109 3449 iis,r

104 3487 189 3551 quos
220 3466 253 3530 in
282 3468 400 3532 castris
437 3469 631 3547 retinuerat,
668 3467 857 3533 discedendi
890 3477 1086 3553 potestatem

102 3570 192 3635 fecit.
237 3568 288 3634 llli
319 3571 482 3655 supplicia
511 3574 742 3657 cruciatusque
773 3571 942 3638 Gallorum
980 3575 1107 3655 veritis
