2430 4028
365 249 477 301 nmnn
495 248 540 313 su,
561 248 732 300 cina-c.
981 247 1044 312 145

147 441 178 508 5.
200 443 275 508 Hac
309 451 403 526 parte
426 440 556 507 Galliae
590 450 711 526 pacata
744 449 833 505 totus
868 449 901 505 et
934 448 1042 505 mente

58 557 95 614 et
117 549 227 613 animo
255 548 290 611 in
312 544 434 611 bellum
462 545 679 611 Treverorum
709 553 741 609 et
763 544 964 629 Ambiorigis
993 543 1043 607 in·

58 654 160 719 sistit.
206 648 405 716 Cavarinum
438 672 513 715 cum
534 648 693 734 [equitatu
728 645 895 714 Senonum
933 669 1066 713 secumr

59 754 228 841 proficisci
250 752 351 837 iubet,
375 776 417 818 ne
440 755 512 837 quis
536 761 594 817 aut
616 775 659 816 ex
674 751 771 816 huius
793 750 964 817 iracundia
988 761 1046 816 aut

59 883 105 925 ex
128 881 178 942 eo,
202 856 290 945 quod
311 867 484 930 meruerat,
509 856 584 923 odio
602 857 747 920 civitatis
763 865 871 922 motus
895 856 1044 921 exsistat.

58 963 125 1028 His
146 960 246 1026 rebus
269 962 471 1043 constitutis,
506 958 594 1044 quod
617 981 676 1044 pro
701 958 875 1043 explorato
898 956 1067 1024 habebats

60 1062 289 1147 Ambiorigem
303 1062 427 1150 proelio
450 1084 517 1128 non
533 1083 605 1127 esse
621 1071 897 1145 concertaturum,
919 1060 1045 1145 reliqua

60 1168 133 1234 cius
156 1166 295 1233 consilia
317 1169 425 1232 animo
448 1165 743 1250 circumspiciebat.
778 1165 884 1229 Erant
899 1164 1068 1249 Menapiis

59 1271 238 1358 propinqui
273 1269 466 1334 Eburonum
495 1267 637 1351 finibus,
673 1267 840 1353 perpetuis
869 1266 1046 1353 paludibus

60 1375 221 1460 silvisque
255 1375 393 1456 muniti,
428 1373 481 1457 qui
514 1375 570 1435 uni
593 1393 637 1435 ex
668 1369 778 1435 Gallia
813 1370 853 1434 de
885 1392 968 1456 pace
1001 1369 1045 1435 ad

61 1476 243 1543 Caesarem
284 1476 411 1559 legatos
445 1496 622 1561 numquam
664 1476 829 1539 miserant.
879 1471 963 1538 Cum
995 1474 1046 1538 his

61 1603 138 1647 esse
171 1580 349 1666 hospitium
384 1578 569 1662 Ambiorigi
604 1578 752 1662 sciebat3
790 1580 868 1642 item
890 1600 949 1663 per
971 1579 1048 1642 Tre·

60 1707 160 1751 veros
196 1686 325 1749 venisse
355 1681 529 1749 Germanis
558 1684 592 1747 in
626 1685 803 1748 amicitiam
835 1693 1047 1769 cognoverat.

61 1789 158 1854 Haec
197 1789 288 1874 prius
325 1787 372 1853 illi
409 1786 612 1853 detrahenda
656 1786 783 1852 auxilia
823 1787 1070 1872 existimabas

61 1915 163 1980 quam
186 1894 295 1978 ipsum
325 1890 411 1958 bello
441 1892 636 1973 lacesseret,
670 1916 710 1957 ne
742 1893 917 1978 desperata
942 1891 1047 1957 salute

63 2004 124 2061 aut
142 2019 177 2061 se
199 1997 233 2060 in
248 1995 421 2082 Menapios
445 1995 582 2061 abderet
604 2005 661 2061 aut
688 2018 763 2060 cum
783 1995 1046 2062 Transrhenanis

63 2097 225 2182 congredi
248 2108 428 2181 cogeretur.
468 2099 543 2163 Hoc
564 2098 645 2164 inito
669 2098 805 2164 consilio
830 2100 930 2163 totius
953 2121 1069 2169 exerc

62 2204 151 2268 citus
173 2202 407 2289 impedimenta
435 2200 478 2266 ad
501 2200 686 2267 Labienum
708 2204 741 2266 in
762 2203 924 2267 Treveros
948 2204 1048 2268 mittit

63 2306 215 2393 duasque
251 2306 397 2390 legiones
435 2304 478 2369 ad
515 2329 588 2371 eum
626 2305 791 2391 proficisci
828 2304 939 2388 iubet3
976 2306 1048 2392 ipse

63 2431 142 2474 cum
184 2408 369 2493 legionibus
411 2409 575 2495 expeditis
615 2412 756 2496 quinque
802 2411 836 2474 in
874 2408 1048 2495 Menapios

64 2511 294 2598 proficiscitur.
340 2513 392 2577 Illi
415 2512 505 2577 nulla
527 2522 645 2577 coacta
668 2535 768 2578 manu
790 2512 855 2578 loci
883 2514 1070 2598 praesidioi

62 2615 143 2680 freti
166 2617 200 2680 in
222 2615 322 2680 silvas
346 2614 548 2702 paludesque
571 2615 763 2700 confugiunt
787 2638 911 2702 suaque
934 2615 1050 2682 eodem

64 2718 253 2785 conferunt.

155 2820 185 2885 6.
209 2822 335 2890 Caesar
349 2824 480 2908 partitis
495 2825 601 2909 copiis
622 2846 696 2889 cum
714 2825 800 2891 Gaio
816 2824 922 2890 Fabio
938 2825 1048 2910 legato

66 2935 100 2991 et
117 2924 231 2990 Marco
248 2923 369 2990 Crasso
389 2935 563 3012 quaestore
588 2927 801 3013 celeriterque
823 2930 947 2994 effectis
970 2953 1049 3014 pon·

66 3028 157 3094 tibus
192 3027 262 3094 adit
295 3030 474 3115 tripertito,
513 3031 664 3098 aedificia
701 3032 860 3118 vicosque
893 3034 1049 3112 incendit,

65 3153 189 3216 magno
205 3135 334 3218 pecoris
353 3142 451 3219 atquc
467 3133 634 3199 hominum
649 3157 783 3199 numero
805 3137 939 3220 potitur.
971 3134 1072 3216 Qui-r

65 3237 131 3306 bus
164 3235 264 3302 rebus
298 3238 407 3301 coacti
437 3235 581 3322 Menapii
615 3238 743 3321 legatos
774 3237 817 3300 ad
848 3261 922 3303 eum
955 3241 1050 3325 pacis

66 3338 230 3426 petendae
253 3362 357 3407 causa
379 3343 519 3405 mittunt.
547 3339 606 3406 Ille
630 3340 801 3406 obsidibus
825 3343 971 3427 acceptis
994 3341 1074 3407 hos

68 3445 168 3509 stium
191 3467 227 3510 se
250 3444 437 3510 habiturum
460 3467 594 3510 numero
623 3445 811 3528 confirmat,
843 3448 869 3510 si
893 3456 950 3512 aut
973 3444 1051 3510 Am·

67 3541 232 3632 biorigem
260 3555 319 3613 ant
346 3549 416 3614 eius
446 3547 575 3631 legatos
604 3547 726 3613 finibus
750 3549 817 3612 suis
840 3550 1052 3636 recepissent.

121 3666 211 3710 cassan
226 3665 244 3708 1.
268 3665 288 3708 b.
305 3666 330 3708 G.
866 3670 898 3719 10
