2430 4028
372 276 482 326 sinna
500 277 521 340 1,
546 276 623 327 cue.
641 275 752 329 ss-s1.
1010 275 1050 339 21

68 469 167 535 rebus
191 469 309 534 domos
332 488 408 533 suas
428 466 572 533 Helvetii
595 466 812 552 reliquissent,
835 476 872 532 ut
893 467 954 531 toti
973 465 1051 531 Gal-

68 575 135 640 liae
150 572 272 638 bellum
293 571 450 636 inferrent
463 570 664 655 imperioque
680 571 864 655 potirentur
879 568 1051 657 locumque

70 675 233 742 domicilio
258 697 300 739 ex
322 697 443 757 magna
465 675 564 759 copia
579 674 769 757 deligerent,
792 697 888 761 quem
904 697 946 738 ex
963 675 1050 738 omni

71 779 183 846 Gallia
220 780 532 864 opportunissimum
566 799 606 842 ac
640 779 937 842 fructuosissimum
970 777 1050 842 iudi-

68 891 210 966 cassant,
234 882 442 968 reliquasque
458 882 609 946 civitates
633 883 863 966 stipendiarias
879 879 1048 945 haberent.

66 987 252 1068 Petierunt,
282 995 319 1050 ut
341 984 405 1049 sibi
428 984 603 1049 concilium
627 987 728 1050 totius
753 984 883 1049 Galliae
906 987 939 1048 in
964 984 1073 1049 diems

66 1099 192 1154 certam
213 1089 358 1154 indicere
386 1088 485 1172 idque
509 1085 662 1152 Caesaris
684 1086 855 1153 voluntate
883 1087 993 1153 facere
1015 1087 1049 1153 li·

65 1202 172 1258 ceret:
203 1215 274 1257 sese
296 1190 419 1256 habere
442 1191 603 1277 quasdam
625 1214 690 1271 res,
714 1213 795 1277 quas
819 1214 861 1256 ex
885 1194 1049 1256 communi

66 1319 232 1362 consensu
256 1294 298 1360 ab
322 1317 361 1360 eo
379 1304 489 1380 petere
504 1295 635 1360 vellent.
660 1295 712 1358 Ea
734 1318 769 1359 re
786 1296 947 1381 permissa
963 1295 1072 1359 diemo

65 1399 208 1467 concilio
232 1400 472 1465 constituerunt
494 1408 526 1463 et
548 1397 767 1480 iureiurando,
791 1421 832 1462 ne
856 1400 928 1484 quis
951 1420 1051 1463 enun-

64 1506 173 1586 tiaret,
198 1503 261 1566 nisi
277 1501 394 1588 quibus
410 1504 574 1566 communi
590 1501 728 1566 consilio
744 1501 936 1566 mandatum
952 1510 1048 1581 esset,

65 1609 153 1671 inter
175 1629 211 1671 se
235 1614 423 1670 sanxerunt.

152 1709 204 1773 31.
228 1709 279 1773 Eo
309 1708 449 1774 concilio
480 1708 615 1773 dimisso
644 1707 743 1773 iidem
772 1709 936 1795 principes
972 1711 1048 1773 eivi-

63 1821 183 1890 tatum,
213 1814 268 1898 qui
299 1822 375 1877 ante
402 1812 542 1891 fuerant,
573 1812 618 1876 ad
641 1811 817 1877 Caesarem
847 1821 1050 1877 reverterunt

62 1918 310 2003 petieruntque,
344 1917 391 1980 uti
430 1916 491 1981 sibi
515 1925 640 1980 secreto
676 1915 887 1998 [inocculto]
925 1916 1049 1980 desua

62 2021 274 2106 omniumque
298 2020 404 2085 salute
427 2041 501 2085 cum
525 2043 563 2085 eo
588 2042 686 2104 agere
709 2020 831 2084 liceret.
860 2021 911 2084 Ea
933 2043 968 2085 re
991 2021 1070 2090 im·2

61 2133 196 2211 petrata
220 2147 293 2189 sese
317 2146 431 2189 omnes
453 2124 569 2189 flentes
592 2123 728 2189 Caesari
750 2122 794 2187 ad
817 2123 918 2208 pedes
942 2127 1047 2209 proie-

61 2235 194 2292 cerunt:
229 2248 296 2292 non
323 2228 429 2292 minus
459 2251 494 2292 se
522 2227 557 2292 id
584 2225 784 2292 contendere
819 2235 851 2291 et
884 2224 1046 2309 laborare,

60 2355 105 2398 ne
130 2354 178 2413 ea,
207 2352 291 2415 quae
315 2330 490 2413 dixissent,
515 2333 777 2413 enuntiarentur,
806 2352 904 2415 quam
927 2332 974 2394 uti
998 2353 1047 2414 ea,

60 2458 149 2521 quae
172 2433 303 2517 vellent,
327 2436 550 2521 impetrarent,
576 2444 751 2521 propterea
774 2435 873 2519 quod,
899 2435 926 2498 si
949 2457 1049 2498 enun-

59 2542 183 2606 tiatum
216 2547 312 2616 esset,
348 2561 507 2603 summum
543 2539 578 2604 in
612 2540 792 2603 cruciatum
823 2561 857 2602 se
891 2547 1047 2602 venturos

58 2641 220 2706 viderent.
267 2643 414 2707 Locutus
443 2652 493 2707 est
520 2665 580 2728 pro
603 2642 655 2707 his
678 2642 864 2707 Divitiacus
893 2642 1069 2713 Aeduuses

60 2744 193 2810 Galliae
221 2747 322 2810 totius
344 2746 505 2810 factiones
536 2768 608 2810 esse
641 2745 740 2828 duas3
775 2745 889 2809 harum
913 2745 1046 2809 alterius

59 2849 284 2934 principatum
315 2857 425 2913 tenere
447 2848 598 2931 deduco,
630 2849 764 2913 alterius
787 2848 965 2913 Arvernos.
1000 2848 1068 2913 His

58 2975 135 3018 cum
159 2961 333 3037 tantopere
358 2952 397 3016 de
421 2961 592 3037 potentatu
620 2954 705 3017 inter
734 2975 769 3016 se
792 2951 912 3016 multos
940 2975 1044 3017 annos

58 3055 307 3138 contenderent,
331 3056 455 3120 factum
477 3077 568 3137 esse,
602 3056 649 3120 uti
673 3054 715 3119 ab
740 3055 897 3120 Arvernis
921 3053 1043 3140 Sequa-

56 3161 176 3244 nisque
211 3157 368 3224 Germani
412 3159 563 3223 mercede
607 3168 860 3224 arcesserentur.
917 3160 1066 3226 Horums

56 3265 165 3349 primo
195 3263 325 3327 circiter
354 3261 444 3328 milia
466 3280 515 3326 xv
538 3261 686 3327 Rhenum
709 3264 885 3345 transisse3
916 3273 1043 3348 postea·

57 3389 158 3453 quam
182 3386 280 3450 agros
304 3375 337 3431 et
359 3365 482 3432 cultum
506 3376 539 3430 et
561 3368 676 3452 copias
701 3365 872 3431 Gallorum
895 3365 1043 3430 homines

55 3471 118 3535 feri
141 3492 182 3534 ac
204 3469 338 3534 barbari
361 3467 583 3552 adamassent,
607 3467 778 3533 traductos
801 3468 925 3554 plures3
955 3491 1043 3533 nunc

58 3596 133 3639 esse
156 3575 189 3636 in
205 3572 314 3637 Gallia
338 3573 381 3638 ad
398 3581 527 3636 centum
544 3582 576 3636 et
591 3573 705 3656 viginti
721 3571 845 3635 milium
861 3594 1040 3636 numerum.
