2430 4028
352 273 464 324 menn
480 274 540 338 vn,
560 274 636 325 cnr.
657 273 766 325 ιιι-ιε.
991 274 1050 339 181

62 474 100 529 ut
123 487 225 551 snpra
248 462 403 546 diximus,
427 473 603 546 angustum
625 462 780 541 habebat,
813 486 965 548 aggerem
996 487 1053 548 ap-

63 591 194 653 parare,
211 568 325 632 vineas
348 589 455 651 agere,
473 577 578 633 turres
602 568 684 634 duas
708 570 908 634 constituere
925 571 1051 655 coepit;

62 695 142 738 nam
171 670 419 737 circumvallare
448 672 513 736 loci
542 681 662 738 natura
692 671 896 757 prohibebat.
935 673 987 737 De
1015 694 1073 737 rea

63 777 282 841 frumentaria
305 776 405 840 Boios
430 785 528 862 atque
550 776 685 841 Aeduos
709 776 879 842 adhortari
908 799 974 841 non
998 776 1050 840 de·

62 882 165 962 stitit3
200 900 339 965 qnorum
372 878 477 961 alteri,
513 880 601 965 quod
630 879 718 945 nullo
755 881 863 946 studio
893 880 1047 964 agebant,

61 1007 131 1048 non
154 982 292 1048 multum
314 981 527 1066 adiuvabant,
551 982 644 1047 alteri
668 1005 734 1046 non
757 985 886 1067 magnis
909 983 1048 1049 faculta-

60 1084 162 1163 tibus,
187 1085 275 1171 qnod
297 1086 414 1150 civitas
439 1095 509 1150 erat
532 1087 653 1169 exigua
677 1095 709 1149 et
731 1087 870 1162 infirma,
889 1084 1046 1170 celeriter,

60 1188 152 1275 quod
174 1186 368 1270 habuerunt,
393 1199 676 1274 consumpserunt.
701 1189 836 1254 Summa
853 1190 1070 1258 difficultates

59 1294 108 1357 rei
132 1292 366 1358 frumentariae
390 1294 506 1358 affecto
531 1293 678 1358 exercitu
702 1295 858 1359 tenuitate
877 1295 1045 1375 Boiorum,

62 1394 272 1480 indiligentia
288 1396 489 1479 Aeduorum,
506 1397 666 1462 incendiis
690 1397 924 1481 aedificiorum,
944 1420 1047 1484 usque
1136 1409 1138 1415 ’

59 1521 99 1565 eo
124 1508 162 1564 ut
185 1499 370 1586 complures
395 1500 464 1565 dies
488 1502 649 1565 frumento
673 1500 793 1566 milites
823 1503 987 1566 caruerint
1015 1511 1049 1566 et

60 1625 183 1688 pecore
212 1625 255 1668 ex
282 1603 567 1689 longinquioribus
596 1605 679 1668 vicis
714 1604 834 1669 adacto
866 1616 1047 1669 extremam

59 1707 184 1772 famem
217 1715 452 1784 sustentarent,
487 1706 577 1772 nulla
611 1717 720 1772 tamen
749 1730 816 1772 vox
850 1716 900 1772 est
930 1706 973 1771 ab
1006 1709 1046 1774 iis

62 1809 180 1875 audita
215 1809 328 1896 populi
365 1811 504 1875 Romani
543 1813 714 1877 maiestate
752 1821 785 1875 et
822 1810 1046 1895 superioribus

60 1914 211 1979 victoriis
232 1914 377 1998 indigna.
417 1913 503 1994 Quin
528 1916 625 1979 etiam
650 1913 869 1979 Caesareum
892 1916 925 1978 in
949 1937 1069 2000 operer

61 2017 210 2103 singulas
233 2015 378 2101 legiones
403 2017 585 2103 appellaret
608 2027 650 2093 et,
676 2019 703 2081 si
726 2017 876 2082 acerbius
900 2017 1046 2102 inopiam

61 2123 199 2202 ferrent,
223 2143 258 2185 se
283 2121 491 2186 dimissurum
516 2124 792 2206 oppugnationem
815 2120 950 2203 diceret,
973 2125 1044 2186 uni-

57 2227 147 2289 versi
175 2223 219 2288 ab
248 2246 298 2303 eo,
327 2246 369 2288 ne
398 2225 432 2289 id
453 2225 587 2307 faceret,
603 2224 784 2310 petebant:
821 2227 868 2289 sic
899 2247 933 2289 se
957 2247 1067 2292 com-5

57 2328 171 2412 plures
208 2349 312 2392 annos
347 2326 402 2392 illo
431 2329 611 2413 imperante
642 2330 816 2410 meruisse,
851 2336 887 2392 ut
919 2328 1043 2395 nullam

57 2433 273 2516 ignominiam
302 2433 503 2515 acciperent,
535 2453 695 2515 nusquam
726 2430 848 2495 infecta
876 2455 911 2496 re
940 2432 1043 2497 disce·

58 2537 194 2618 derent;
215 2534 278 2599 hoc
297 2557 333 2598 se
356 2536 556 2618 ignominiae
579 2533 703 2598 laturos
720 2533 804 2611 loco,
829 2537 856 2598 si
879 2537 1066 2621 inceptams

59 2639 340 2725 oppugnationem
369 2637 592 2722 reliquissent,
627 2646 796 2721 praestare
827 2661 937 2704 omnes
973 2662 1064 2724 per-r

57 2743 143 2807 ferre
172 2738 388 2822 acerbitates,
423 2761 522 2824 quam
550 2763 616 2804 non
640 2739 767 2805 civibus
790 2741 959 2824 Romanis,
987 2744 1041 2827 qui

58 2843 190 2910 Genabi
219 2843 359 2930 perfidia
389 2841 562 2909 Gallorum
584 2844 788 2924 interissent,
821 2854 1041 2928 parentarent.

57 2950 152 3014 Haec
176 2949 291 3014 eadem
316 2947 560 3013 centurionibus
576 2947 780 3032 tribunisque
796 2947 936 3014 militum
952 2973 1063 3016 man-s

58 3051 197 3136 dabant,
220 3063 257 3117 ut
279 3075 336 3139 per
359 3075 415 3117 eos
439 3053 482 3116 ad
506 3051 680 3117 Caesarem
704 3052 916 3118 deferrentur.

146 3155 196 3219 18.
220 3154 302 3220 Cum
319 3157 383 3219 iam
400 3178 491 3220 muro
515 3165 619 3220 turres
641 3158 973 3241 appropinquassent,
998 3181 1040 3221 ex

55 3259 198 3346 captivis
215 3258 340 3325 Caesar
355 3263 510 3343 cognovit
522 3260 824 3344 Vercingetorigem
844 3271 1039 3345 consumpto

55 3361 178 3449 pabulo
196 3373 307 3428 castra
322 3365 465 3429 movisse
481 3364 617 3448 propius
627 3365 803 3428 Avaricum
820 3373 920 3448 atque
933 3365 1039 3448 ipsum

55 3490 131 3533 cum
153 3470 302 3552 equitatu
331 3466 576 3552 expeditisque,
607 3468 661 3551 qui
691 3468 776 3531 inter
799 3468 923 3553 equites
946 3489 1040 3552 proe-

53 3571 127 3636 liari
156 3578 392 3652 consuessent,
427 3568 619 3633 insidiarum
643 3591 745 3635 causa
776 3593 814 3634 eo
843 3571 1038 3656 profectum,
