2430 4028
398 262 508 315 crana
526 265 575 329 111,
595 265 673 316 cnr.
691 266 786 318 o-ra.
1042 258 1082 329 69

103 453 230 518 auxilio
259 453 300 519 ab
330 454 442 540 Belgis
471 458 618 520 arcessiti
649 456 852 536 dicebantur,
888 457 914 518 si
938 456 1084 538 pervim

103 554 246 620 navibus
262 557 383 623 flumen
397 560 537 623 transire
553 567 720 640 conentur,
733 557 915 643 prohibeat.
933 558 1104 623 Publiumo

108 656 264 725 Crassum
294 682 368 725 cum
397 660 587 726 cohortibus
610 660 799 745 legionariis
828 680 879 725 ΧΗ
908 672 940 726 et
963 683 1082 747 magno

106 785 241 827 numero
267 766 430 848 equitatus
454 766 487 828 in
504 763 718 849 Aquitaniam
733 764 897 849 proficisci
920 764 1019 848 iubet,
1044 789 1085 830 ne

110 889 153 929 ex
177 865 227 930 his
252 867 441 933 nationibus
464 869 588 932 auxilia
612 870 643 932 in
671 866 812 932 Galliam
836 871 1017 951 mittantur,
1046 891 1086 932 ac

102 978 218 1034 tantae
251 972 402 1036 nationes
437 974 688 1054 coniungantur.
734 970 889 1051 Quintum
924 973 1108 1036 Tituriumr

104 1071 265 1138 Sabinum
288 1073 432 1158 legatum
449 1097 522 1140 curn
540 1074 723 1160 legionibus
746 1075 850 1139 tribus
873 1077 905 1139 in
920 1075 1084 1157 Venellos,

104 1175 321 1243 Curiosolites
350 1179 583 1264 Lexoviosque
618 1180 733 1260 mittit,
764 1179 818 1264 qui
847 1201 920 1242 eam
953 1202 1086 1243 manum

105 1280 328 1346 distinendam
351 1292 452 1346 curet.
487 1283 659 1346 Decimum
683 1283 819 1346 Brutum
844 1281 1108 1347 adulescentemn

105 1383 207 1447 classi
237 1384 441 1470 Gallicisque
470 1387 628 1466 navibus,
659 1408 739 1471 quas
771 1409 812 1449 ex
836 1385 1027 1451 Pictonibus
1055 1397 1087 1451 ot

105 1488 263 1552 Santonis
280 1487 475 1574 reliquisque
487 1491 615 1573 pacatis
632 1486 820 1571 regionibns
833 1492 1008 1554 convenire
1024 1492 1086 1553 ius-

107 1601 207 1674 serat,
231 1592 380 1677 praeficit
403 1602 446 1675 et,
469 1595 706 1678 cumprimum
731 1602 856 1676 posset,
885 1594 919 1657 in
941 1593 1086 1658 Venetos

105 1695 271 1778 proficisci
288 1695 387 1760 iubet.
410 1696 487 1780 Ipse
510 1718 548 1760 eo
566 1694 772 1781 pedestribus
789 1696 894 1781 copiis
910 1695 1085 1761 contendit.

195 1799 244 1861 12,
269 1799 371 1862 Erant
403 1800 562 1864 eiusmodi
591 1800 659 1863 fere
690 1800 771 1863 situs
806 1798 1017 1882 oppidorum,
1051 1811 1087 1865 ut

103 1905 216 1988 posita
244 1903 276 1966 in
307 1905 463 1967 extremis
485 1901 623 1986 llingulis
653 1903 951 1986 promontoriisque
980 1925 1086 1987 neque

106 2005 247 2091 pedibus
281 2006 407 2071 aditum
430 2004 603 2087 haberent,
638 2028 712 2070 cum
741 2027 783 2068 ex
814 2003 879 2069 alto
911 2028 945 2068 se
975 2017 1086 2071 aestus

103 2112 319 2192 incitavisset,
351 2111 438 2195 quod
462 2108 535 2192 [bis]
562 2109 683 2173 accidit
707 2131 835 2193 semper
858 2107 1012 2172 horarum
1035 2127 1087 2171 xn

107 2215 227 2299 spatio,
251 2234 356 2298 neque
380 2211 529 2291 navibus,
555 2213 642 2298 quod
665 2235 778 2276 rursus
800 2214 965 2276 minuente
995 2223 1087 2275 aestu

102 2338 208 2381 naves
230 2317 263 2380 iu
286 2317 382 2381 vadis
406 2317 653 2382 afflictarentur.
699 2316 750 2381 Ita
772 2325 911 2399 utraque
934 2339 969 2379 re
993 2317 1108 2401 oppio

105 2421 223 2485 dorum
247 2422 451 2506 oppugnatio
476 2420 731 2504 impediebatur3
756 2442 796 2484 ae
821 2418 995 2505 siquando
1020 2442 1108 2491 ma·3

103 2523 275 2608 gnitudine
299 2524 406 2608 operis
429 2524 515 2588 forte
539 2526 693 2607 superati,
718 2532 851 2587 extruso
867 2524 951 2586 mari
968 2543 1086 2605 aggere

102 2648 145 2691 ac
168 2625 310 2691 molibus
335 2636 432 2711 atque
461 2627 512 2691 his
543 2627 654 2710 oppidi
679 2623 850 2689 moenibus
880 2625 1084 2710 adaequatio,

101 2730 172 2794 suis
202 2730 341 2795 fortunis
374 2730 547 2815 desperare
577 2741 770 2815 coeperant,
800 2751 921 2814 magno
951 2752 1085 2795 numero

101 2835 237 2898 navium
260 2832 416 2919 appulso,
447 2835 539 2898 cuius
563 2835 609 2896 rei
634 2856 792 2898 summam
816 2833 1007 2898 facultatem
1031 2833 1087 2896 ha·

101 2937 238 3015 bebant,
272 2959 331 3001 sua
359 2935 580 3021 deportabant
608 2941 716 3000 omnia
748 2959 847 3022 seque
879 2938 912 3000 in
935 2938 1087 3021 proxima

103 3040 229 3129 oppida
251 3039 470 3125 recipiebant3
499 3040 545 3104 ibi
569 3062 602 3103 se
626 3062 736 3104 rursus
759 3039 875 3103 iisdem
899 3042 1109 3126 opportuni-4

102 3145 228 3211 tatibus
251 3144 315 3209 loci
339 3143 568 3208 defendebant.
600 3144 693 3207 Haec
717 3165 755 3207 eo
778 3141 910 3207 facilius
933 3165 1109 3226 magnarns

102 3259 235 3335 partem
259 3249 396 3312 aestatis
419 3245 598 3325 faciebant,
624 3245 712 3332 quod
727 3256 860 3311 nostrae
883 3268 984 3310 naves
1007 3255 1087 3310 tem·

102 3352 290 3438 pestatibus
307 3351 547 3426 detinebantur,
572 3373 763 3436 summaque
783 3359 854 3414 erat
868 3359 964 3414 vasto
989 3358 1087 3434 atque

103 3463 222 3543 aperto
245 3456 339 3538 mari,
362 3454 491 3538 magnis
514 3452 670 3534 aestibus,
693 3455 776 3517 raris
801 3474 840 3517 ac
863 3473 966 3538 prope
989 3450 1087 3516 nullis

101 3557 267 3647 portibus,
292 3556 469 3623 difficultas
491 3556 680 3641 navigandi,
