2430 4028
360 272 471 323 omna
488 272 520 335 u,
540 272 618 324 cnr.
636 273 746 322 sr-ss.
979 271 1045 335 «125

58 474 231 553 coguntur.
279 465 324 528 At
346 462 460 546 Cotta,
492 465 548 549 qui
571 464 751 547 cogitasset
777 461 859 528 baec
889 484 987 549 posse
1009 464 1067 532 ins

58 571 175 635 itinere
197 567 348 633 accidere
372 575 470 653 atque
500 565 542 630 ob
566 589 639 632 eam
671 588 807 631 causam
830 567 1044 651 profectionis

61 684 178 739 auctor
211 694 278 737 non
313 671 450 754 luisset,
489 670 580 736 nulla
611 674 647 735 in
680 694 715 736 re
749 673 913 736 communi
948 669 1046 735 saluti

62 777 179 843 deerat
207 785 240 840 et
272 777 306 840 in
335 774 541 861 appellandis
576 774 853 860 cohortandisque
886 771 1044 839 militibus

59 883 270 965 imperatoris
300 890 333 944 et
362 882 394 944 in
424 900 536 966 pugna
559 879 671 944 militis
703 879 813 944 officia
841 875 1045 963 praestabat.

60 982 146 1048 Cum
179 992 314 1068 propter
346 982 587 1066 longitudinem
627 984 766 1068 agminis
798 985 906 1047 minus
947 981 1068 1047 faciles

64 1089 178 1154 omnia
192 1108 253 1172 per
275 1109 310 1152 se
334 1086 424 1153 obire
447 1097 489 1162 et,
513 1087 591 1172 quid
608 1109 737 1173 quoque
760 1086 833 1151 loeo
858 1084 1047 1151 faciendum

61 1199 160 1268 esset,
191 1192 366 1275 providere
394 1200 545 1278 possent,
578 1191 743 1257 iusserunt
765 1191 988 1276 pronuntiare,
1011 1199 1048 1254 ut

60 1292 298 1377 impedimenta
334 1294 554 1379 relinquerent
591 1304 690 1380 atque
726 1295 760 1357 in
798 1293 909 1359 orbem
940 1294 1047 1358 oonsi-

63 1408 198 1464 sterent.
238 1397 334 1478 Quod
357 1398 530 1463 consilium
559 1402 620 1464 etsi
650 1400 684 1462 in
707 1398 867 1463 eiusmodi
895 1421 976 1462 casn
999 1420 1069 1461 roa

62 1500 333 1587 prehendendum
364 1513 512 1578 nonest,
539 1511 649 1567 tamen
673 1502 880 1567 incommode
910 1500 1047 1567 accidit:

63 1629 144 1671 nam
168 1614 201 1670 et
222 1608 344 1671 nostris
368 1606 525 1672 militibus
554 1628 647 1692 spem
670 1607 785 1671 minuit
813 1615 846 1670 et
868 1605 981 1671 hostes
1005 1604 1070 1669 adr,

63 1730 212 1796 pugnem
255 1709 431 1776 alacriores
466 1712 581 1793 effecit,
617 1710 704 1797 quod
732 1732 800 1775 non
828 1712 897 1775 sine
921 1732 1047 1775 summo

64 1816 184 1880 timore
207 1822 240 1879 et
263 1813 494 1899 desperatione
516 1814 552 1879 id
573 1813 699 1879 factum
721 1812 906 1878 videbatur.
951 1812 1070 1877 Prae-s

10 1983 18 1995 ,
65 1927 159 1983 terea
193 1917 330 2000 accidit,
365 1918 454 2004 quod
486 1918 558 1984 fieri
591 1939 726 1984 necesse
764 1926 845 2002 erat,
878 1925 915 1981 ut
947 1916 1047 1999 vulgo

67 2021 190 2087 milites
215 2021 257 2086 ab
282 2025 383 2106 signis
407 2022 629 2104 discederent,
666 2043 750 2107 quae
774 2025 910 2107 quisque
935 2042 1048 2084 eorum

63 2125 239 2190 carissima
272 2124 417 2207 baberet,
452 2125 495 2189 ab
529 2125 770 2212 impedimentis
804 2135 915 2210 petere
951 2133 1048 2208 atque

64 2229 212 2313 arripere
241 2239 442 2316 properaret,
472 2230 616 2294 clamore
646 2240 678 2293 et
710 2230 789 2294 fletu
818 2230 928 2293 omnia
962 2249 1049 2291 com·

63 2331 244 2417 plerentur.

152 2431 205 2500 34.
240 2434 285 2499 At
315 2434 465 2501 barbaris
500 2435 672 2500 consilium
705 2457 771 2500 non
806 2434 919 2499 defuit.
964 2434 1050 2497 Nam

67 2538 171 2603 duces
199 2559 312 2604 eorum
347 2548 418 2604 tota
452 2541 523 2604 acie
557 2541 771 2624 pronuntiare
793 2540 973 2616 iusserunt,
1008 2559 1050 2600 ne

65 2642 140 2727 quis
166 2640 208 2706 ab
225 2641 298 2707 loco
315 2640 517 2708 discederet:
539 2641 669 2706 illorum
685 2665 756 2707 esse
773 2641 931 2725 praedam
952 2651 1051 2725 atque

66 2744 134 2810 illis
168 2749 347 2828 reservari,
389 2768 615 2832 quaecumque
647 2746 787 2810 Romani
824 2743 1051 2829 reliquissent,

65 2847 207 2934 proinde
224 2851 334 2914 omnia
357 2850 390 2913 in
405 2851 545 2915 victoria
561 2851 671 2935 posita
686 2850 923 2913 existimarent.
947 2848 1073 2912 Eranta

10 2946 17 2971 ¹
66 2960 99 3016 et
120 2952 243 3016 virtute
267 2959 300 3017 et
321 2973 563 3037 saepenumero
591 2951 768 3037 pugnando
791 2973 888 3036 pares
911 2951 1051 3031 nostris3
1163 2958 1176 2983 ²

67 3055 101 3121 bi
124 3056 257 3121 tametsi
280 3053 422 3120 abduce
445 3064 478 3120 et
494 3078 515 3120 a
530 3055 661 3119 fortuna
680 3053 924 3135 deserebantur,
941 3063 1051 3117 tamen

67 3179 197 3224 omnem
226 3180 320 3244 spem
349 3157 463 3224 salutis
493 3161 527 3222 in
551 3161 670 3224 virtute
698 3157 882 3242 ponebant,
911 3165 944 3220 et
973 3177 1052 3240 quo·
1167 3222 1169 3226 ,

67 3263 153 3328 tiens
189 3283 339 3348 quaeque
378 3261 495 3328 cohors
535 3269 743 3346 procurrerat
755 3311 764 3343 ,
807 3260 849 3325 ab
884 3281 923 3323 ea
957 3267 1051 3342 parte

66 3387 208 3450 magnus
230 3386 385 3430 numerus
407 3365 552 3430 hostium
575 3365 724 3430 cadebat.
748 3363 880 3445 Quare
904 3361 1073 3426 usnimada

67 3490 165 3534 versa
189 3465 364 3534 Ambiorix
392 3469 595 3553 pronuntiari
624 3466 730 3548 iubet,
765 3476 802 3532 ut
835 3464 949 3550 procul
982 3463 1052 3530 tela
1153 3475 1155 3479 '

69 3573 241 3639 coniciant
263 3593 327 3638 neu
343 3574 478 3657 propius
503 3571 729 3648 accedantset,
747 3593 845 3656 quam
868 3572 900 3633 in
925 3577 1051 3654 partem
