2430 4028
347 256 457 305 nronn
474 256 524 320 111,
543 255 619 308 cnr.
640 259 747 306 18-21.
1000 259 1040 321 75

58 448 230 514 hominum
247 458 297 512 est
317 449 413 512 tertia
430 446 560 512 Galliae
577 449 807 531 existimanda,
826 471 899 514 cum
916 448 1040 513 intelle·

61 560 156 634 geret
177 551 212 614 in
235 550 276 615 iis
299 549 380 616 loeis
404 547 467 614 sibi
489 549 610 614 bellum
634 551 822 634 gerendum,
845 552 900 616 ubi
925 555 1039 637 paucis

60 663 138 717 ante
175 656 270 718 annis
305 653 429 719 Lucius
466 653 617 719 Valerius
652 655 874 719 Praeconinus
910 655 1039 741 legatus

62 761 209 822 exercitu
243 758 338 843 pulso
373 759 564 824 interiectus
601 769 703 836 esset,
739 768 836 845 atque
860 760 947 824 unde
975 760 1039 824 Lu-

61 864 134 927 cius
151 861 284 928 Mallius
305 865 482 948 proconsul
511 862 751 948 impedimentis
776 865 905 927 amissis
929 864 1039 948 profu·

58 966 174 1050 gisset,
197 987 263 1029 nou
286 966 490 1038 mediocrem,
507 964 570 1030 sibi
593 965 796 1048 diligentiam
818 965 1039 1030 adhibendam

58 1068 285 1152 intellegebat.
308 1071 424 1156 Itaque
446 1094 481 1135 re
504 1070 718 1134 frumentaria
737 1074 881 1155 provisa,
906 1070 1062 1134 auxiliisr

58 1173 273 1257 equitatuque
296 1182 498 1258 comparato,
522 1172 632 1237 multis
656 1183 825 1258 praeterea
848 1175 926 1238 viris
949 1174 1040 1238 forti·

56 1275 122 1339 bus
145 1274 268 1340 Tolosa
291 1286 323 1340 et
345 1274 508 1358 Narbone,
533 1299 617 1362 quae
642 1286 717 1341 sunt
740 1278 891 1341 civitates
909 1275 1040 1341 Galliae

57 1379 250 1463 provinciae
273 1379 439 1458 finitimae,
467 1380 520 1463 [ex
543 1380 593 1444 his
617 1378 819 1465 regionibus]
847 1382 1039 1445 nominatim

59 1484 208 1546 evocatis
238 1485 271 1547 in
303 1482 487 1548 Sentiatum
516 1482 597 1547 fines
632 1485 810 1548 exereitum
846 1468 1039 1548 introduxit.

58 1584 161 1650 Cuius
177 1584 321 1649 adventu
334 1587 465 1670 cognito
474 1583 639 1650 Sontiates
652 1588 780 1670 magnis
796 1587 902 1670 copiis
914 1588 1061 1653 coactiss

56 1688 280 1774 equitatuque,
296 1712 359 1777 quo
374 1689 547 1774 plurimum
559 1689 724 1765 valebant,
740 1692 773 1754 in
791 1693 904 1754 itinere
922 1712 1038 1775 agmen

58 1801 209 1856 nostrum
233 1791 340 1857 adorti
356 1796 495 1877 primum
518 1803 667 1880 equestre
682 1793 842 1879 proelium
868 1796 1041 1859 commise-

59 1904 148 1975 runt,
169 1895 286 1960 deinde
309 1899 454 1982 equitatu
479 1919 537 1962 suo
554 1897 647 1982 pulso
672 1908 770 1983 atque
793 1898 1062 1983 insequentibuss

56 2001 182 2065 nostris
207 1999 314 2064 subito
338 2000 506 2084 pedestres
529 2004 654 2087 copias,
673 2023 753 2086 quas
777 2004 809 2065 in
833 2001 984 2067 convalle
1007 2004 1039 2065 in

55 2103 186 2168 insidiis
210 2103 466 2187 collocaverant,
492 2105 714 2170 ostenderunt.
753 2105 796 2168 Hi
822 2114 952 2170 nostros
976 2106 1039 2170 dis-

58 2209 164 2271 iectos
188 2207 294 2271 adorti
319 2207 478 2292 proelium
503 2216 714 2272 renovarunt.

164 2308 215 2374 21.
238 2311 425 2394 Pugnatum
449 2321 499 2376 est
516 2311 571 2376 diu
594 2321 692 2397 atque
718 2313 846 2392 acriter,
870 2333 945 2377 cum
959 2314 1039 2378 Son·

56 2417 158 2479 tiates
183 2413 404 2498 superioribus
420 2416 566 2481 victoriis
583 2416 654 2480 freti
678 2416 710 2479 in
729 2432 789 2480 sua
805 2416 924 2480 virtute
939 2418 1039 2481 totius

55 2516 260 2602 Aquitaniae
284 2517 422 2582 salutem
446 2520 587 2603 positam
607 2527 768 2601 putarent,
791 2519 896 2582 nostri
919 2529 1039 2598 autem,

54 2617 137 2704 quid
162 2622 230 2683 sine
247 2623 445 2704 imperatore
469 2629 501 2684 et
525 2625 593 2686 siue
608 2621 742 2706 reliquis
759 2621 942 2704 legionibus
962 2622 1040 2686 adu·

53 2722 241 2788 lescentulo
266 2723 348 2787 duce
373 2725 502 2790 efficere
526 2737 670 2810 possent,
702 2727 845 2810 perspici
867 2736 1038 2812 cuperent:

54 2825 195 2891 tandem
229 2827 371 2895 confecti
407 2829 596 2894 vulneribus
633 2829 744 2895 hostes
778 2838 870 2914 terga
903 2839 1039 2894 vertere.

54 2929 208 3010 Quorum
237 2954 355 3017 magno
386 2955 520 2998 numero
551 2933 722 2998 interfecto
753 2932 891 2998 Crassus
921 2956 962 2996 ex
990 2934 1061 2997 iti-s

50 3056 133 3099 nere
158 3036 318 3121 oppidum
342 3037 527 3102 Sentiatum
552 3059 742 3123 oppugnare
766 3039 882 3122 coepit.
912 3036 1038 3116 Quibus

54 3139 188 3202 fortiter
203 3141 432 3205 resistentibus
455 3142 568 3206 vineas
584 3151 756 3225 turresque
780 3144 856 3222 egit.
879 3139 931 3203 Illi
955 3139 1060 3204 aliass

53 3242 227 3328 eruptione
250 3252 425 3327 temptata,
450 3243 532 3309 alias
556 3243 714 3308 cuniculis
738 3243 780 3307 ad
812 3264 963 3325 aggerem
993 3247 1038 3307 vi-

57 3367 207 3430 neasque
230 3348 324 3428 actis,
348 3349 439 3411 ouius
462 3349 509 3412 rei
527 3359 601 3412 sunt
624 3347 722 3431 longe
738 3347 926 3433 peritissimi
939 3350 1038 3432 Aqui-

57 3448 141 3532 tani,
159 3460 334 3536 propterea
349 3451 439 3537 quod
460 3452 570 3518 multis
593 3451 676 3517 locis
700 3450 786 3537 apud
811 3473 868 3515 eos
891 3452 1039 3515 aerariae

56 3561 279 3638 secturaeque
304 3562 388 3636 sunt,
413 3553 468 3619 ubi
486 3553 654 3639 diligentia
676 3562 863 3618 nostrorum
885 3552 964 3616 nihil
988 3550 1039 3617 his
