2430 4028
414 261 528 310 LIBER
547 260 598 324 111,
618 260 693 314 CAP.
713 263 788 310 ‘l-ss.
1054 263 1096 326 65

112 451 231 533 dandi,
262 451 320 517 sed
346 474 387 516 ne
412 451 524 517 saucio
549 452 680 538 quidem
704 455 773 518 eius
796 452 869 535 loci,
894 451 950 518 ubi
975 455 1095 519 consti·

112 564 211 633 terat,
234 555 439 639 relinquendi
454 577 493 618 ac
510 557 560 620 sui
576 556 755 641 recipiendi
778 554 920 620 facultas
944 555 1095 622 dabatur.

204 655 234 722 5.
257 656 340 722 Cum
363 662 428 723 iam
452 659 592 744 amplius
615 657 704 725 horis
728 682 787 724 sex
811 662 1015 726 continenter
1038 684 1096 746 pu-

111 771 279 845 gnaretur,
302 783 342 826 ac
366 783 433 826 non
450 762 556 827 solum
572 764 669 839 vires,
694 764 753 829 sed
769 766 867 830 etiam
883 765 949 829 tela
965 773 1095 830 nostros

111 865 301 949 deficerent,
325 875 424 953 atque
440 867 552 932 hostes
567 872 676 933 acrius
699 870 861 934 instarent
882 868 1095 952 languidiori-

109 969 238 1054 busque
270 972 391 1036 nostris
414 970 538 1035 vallum
562 973 711 1036 scindere
735 983 767 1036 et
797 973 905 1037 fossas
929 972 1095 1056 complere

108 1079 311 1162 coepissent,
335 1097 452 1160 resque
476 1085 563 1140 esset
584 1077 650 1140 iam
674 1075 717 1140 ad
734 1088 915 1142 extremum
936 1076 1094 1161 perducta

107 1203 235 1258 casum,
251 1181 386 1246 Publius
404 1181 537 1246 Sextius
553 1181 706 1261 Baculus,
731 1184 825 1266 primi
852 1180 910 1266 pili
934 1182 1117 1259 centurias

111 1306 211 1370 quem
235 1284 375 1349 Nervico
406 1284 531 1369 proelio
561 1284 784 1370 compluribus
815 1285 1001 1349 confectum
1024 1282 1094 1347 vul-

107 1385 243 1452 neribus
267 1387 427 1464 diximus,
450 1395 482 1451 et
499 1389 578 1452 item
595 1385 698 1452 Gaius
714 1388 919 1469 Volusenus,
943 1387 1093 1452 tribunus

107 1490 261 1573 militum,
283 1491 335 1554 vir
350 1498 383 1554 et
398 1488 528 1554 consilii
543 1493 655 1573 magni
671 1499 703 1554 et
725 1491 865 1570 virtutis,
889 1489 933 1554 ad
949 1488 1095 1554 Galbam

107 1603 286 1658 accurrunt
310 1603 409 1680 atque
432 1615 531 1658 unam
555 1615 628 1659 esse
651 1616 742 1678 spem
767 1593 882 1659 salutis
906 1593 1041 1671 docent,
1067 1600 1095 1662 si

108 1698 283 1782 eruptione
298 1697 390 1761 facta
406 1706 589 1761 extremum
601 1696 761 1762 auxilium
773 1698 1009 1782 experirentur.
1026 1697 1116 1760 Ita-a

107 1822 174 1886 que
204 1802 396 1864 convocatis
426 1798 671 1865 centurionibus
700 1800 849 1866 celeriter
876 1800 996 1866 milites
1020 1823 1092 1865 cer-

106 1907 210 1970 tiores
225 1904 316 1981 facit‚
339 1902 508 1990 paulisper
523 1905 774 1970 intermitterent
789 1905 951 1990 proelium
967 1926 1007 1968 ao
1023 1914 1094 1968 tan·

106 2006 279 2073 tummodo
313 2007 380 2072 tela
413 2010 516 2072 missa
549 2012 739 2092 exciperent
774 2031 873 2094 seque
907 2032 949 2072 ex
979 2006 1092 2072 labore

105 2111 296 2195 reficerent,
331 2123 409 2199 post
437 2113 514 2179 dato
547 2116 638 2197 signo
667 2136 710 2178 ex
738 2116 855 2178 castris
885 2122 1093 2197 erumperent

104 2223 208 2300 atque
232 2236 362 2281 omnem
385 2239 478 2302 spem
502 2217 617 2283 salutis
638 2219 672 2282 in
694 2220 813 2282 virtute
835 2226 1004 2304 ponerent.

196 2317 226 2381 6.
251 2317 349 2400 Quod
371 2322 451 2385 iussi
474 2330 565 2405 sunt,
594 2322 720 2387 faciunt
744 2344 783 2385 ac
808 2319 915 2386 subito
941 2321 1091 2386 omnibus

103 2425 213 2508 portis
230 2426 399 2508 eruptione
415 2423 506 2489 iacta
521 2447 627 2510 neque
643 2424 875 2508 cognoscendi,
894 2424 973 2509 quid
987 2424 1089 2507 fieret,

104 2549 216 2613 neque
239 2531 289 2594 sui
312 2528 488 2613 colligendi
511 2529 661 2594 hostibus
684 2529 876 2594 facultatem
892 2529 1090 2614 relinquunt.

102 2632 160 2696 Ita
189 2640 391 2698 commutata
418 2632 552 2698 fortuna
581 2656 653 2711 eos,
689 2635 743 2719 qui
776 2635 810 2696 in
841 2655 934 2718 spem
963 2633 1112 2717 potiuna

104 2735 227 2800 dorum
255 2743 439 2802 castrorum
464 2747 639 2821 venerant,
674 2736 817 2822 undique
851 2737 1090 2801 circumventos

101 2838 307 2906 interficiunt
340 2850 373 2905 et
407 2863 449 2905 ex
482 2841 653 2906 hominum
680 2840 812 2907 milibus
841 2839 982 2926 amplius
1006 2856 1088 2917 xxx,

103 2965 206 3031 quem
228 2966 399 3010 numerum
420 2944 636 3011 barbarorum
659 2946 703 3010 ad
726 2955 837 3010 castra
859 2946 989 3008 venisse
1011 2964 1088 3008 con-

105 3046 232 3130 stabat,
245 3049 319 3132 plus
335 3051 431 3115 tertia
447 3059 541 3136 parte
556 3050 729 3115 interfecta
744 3049 887 3134 reliquos
900 3050 1089 3134 perterritos

102 3157 141 3218 in
170 3153 283 3236 fugam
317 3152 485 3219 coniciunt
519 3175 559 3218 ao
588 3176 630 3217 ne
658 3155 691 3217 in
721 3152 803 3217 locis
833 3152 964 3238 quidem
995 3174 1089 3238 supe-

102 3255 249 3323 rioribus
278 3257 458 3323 consistere
480 3258 658 3342 patiuntur.
690 3255 746 3321 Sic
770 3254 922 3321 omnibus
945 3256 1111 3321 hostiumr

104 3361 214 3448 copiis
237 3359 321 3426 fusis
344 3362 509 3445 armisque
525 3362 634 3426 exutis
652 3382 686 3425 se
702 3361 735 3424 in
751 3367 863 3424 castra
876 3360 1088 3426 munitiones-

103 3488 171 3553 que
194 3485 272 3530 suas
294 3465 465 3550 recipiunt.
483 3463 558 3545 Quo
574 3464 699 3551 proelio
722 3463 823 3547 facto,
844 3463 933 3548 quod
956 3465 1111 3550 saepiusr

102 3573 275 3637 fortunam
297 3576 460 3653 temptare
484 3566 593 3634 Galba
616 3567 752 3634 nolebat
775 3577 872 3653 atque
896 3566 961 3632 alio
994 3590 1029 3632 se
1055 3569 1088 3632 in

158 3686 245 3729 cassan
259 3685 278 3727 1.
302 3685 322 3728 b.
339 3685 365 3726 G.
917 3688 933 3736 5
