2430 4028
407 262 517 313 mona
535 262 570 325 n,
590 259 667 311 oar.
688 261 760 308 1-4.
1037 255 1077 322 43

96 454 242 540 reliquos
267 475 379 517 omnes
396 452 517 536 Belgas
540 453 575 518 in
598 454 696 518 armis
719 469 802 535 esse,
819 451 1101 537 Germanosque,⁴

95 560 154 642 qui
178 558 223 623 cis
238 555 388 621 Rhenum
410 555 566 640 incolant,
591 579 662 622 sese
685 577 760 621 cum
783 555 833 621 his
857 556 1080 633 coniunxisse,

95 668 290 744 tantumque
314 682 386 724 esse
402 680 515 724 eorum
533 661 678 725 omnium
692 659 846 741 furorem,
869 668 905 723 ut
928 681 969 722 ne
985 657 1104 722 Sues-⁵

98 764 209 829 siones
232 762 373 848 quidem,
404 763 522 827 fratres
546 766 875 848 consanguineosque
899 784 994 848 suos,
1026 763 1082 847 qui

95 867 215 933 eodem
248 869 317 931 iure
348 874 380 930 et
408 867 523 933 iisdem
553 866 681 951 legibus
711 876 859 949 utantur,
896 889 996 933 unum
1024 871 1081 932 im-

94 971 227 1056 perium
254 993 419 1056 unumque
449 974 676 1055 magistratum
710 993 785 1036 cum
815 974 896 1058 ipsis
929 972 1082 1047 habeant,

96 1074 263 1140 deterrere
286 1077 462 1159 potuerint,
488 1076 566 1159 quin
589 1097 662 1140 curn
685 1074 735 1140 his
759 1078 989 1141 consentirent.

188 1177 217 1243 4.
241 1176 324 1243 Cum
349 1178 390 1243 ab
414 1179 466 1242 his
491 1190 675 1263 quaereret,
701 1201 784 1264 quae
807 1182 958 1244 civitates
982 1201 1082 1265 quan-

97 1292 224 1367 taeque
244 1283 277 1345 in
301 1283 401 1347 armis
425 1292 534 1348 essent
558 1282 684 1368 etquid
707 1286 740 1348 in
763 1282 849 1347 bello
873 1293 1018 1369 possent,
1036 1285 1083 1347 sic

96 1385 300 1471 reperiebat:
324 1385 497 1472 plerosque
514 1386 635 1469 Belgas
653 1409 725 1451 esse
743 1395 832 1452 ortos
849 1386 891 1451 ab
909 1385 1082 1450 Germanis

97 1488 316 1574 Rhenumque
340 1491 520 1574 antiquitus
544 1490 714 1556 traductos
733 1500 868 1576 propter
886 1491 951 1556 loci
974 1490 1085 1555 fertili-

98 1602 203 1657 tatem
227 1591 272 1657 ibi
296 1592 484 1658 consedisse
509 1593 701 1680 Gallosque,
727 1596 781 1679 qui
804 1616 843 1658 ea
867 1594 941 1659 loca
964 1593 1084 1659 incole-

97 1705 184 1778 rent,
209 1695 375 1780 expulisse
391 1695 545 1782 solosque
568 1720 650 1779 esse,
671 1701 726 1783 qui
743 1706 874 1782 patrum
899 1708 1107 1763 nostroruma

98 1801 260 1864 memoria
283 1802 371 1865 omui
396 1798 505 1865 Gallia
534 1811 656 1865 vexata
678 1802 846 1865 Teutonos
871 1800 1085 1887 Cimbrosque

99 1905 189 1968 intra
222 1902 304 1968 fines
336 1926 412 1969 suos
447 1904 572 1989 ingredi
601 1903 849 1989 prohibuerint3
884 1927 949 1990 qua
980 1927 1021 1969 ex
1050 1923 1108 1968 rea

100 2006 184 2088 fieri,
209 2006 256 2070 uti
279 2028 392 2071 earum
413 2029 520 2072 rerum
537 2009 695 2072 memoria
711 2029 865 2091 magnam
888 2007 949 2074 sibi
975 2016 1086 2072 aucto-

100 2112 235 2175 ritatem
256 2132 460 2197 magnosque
484 2113 617 2196 spiritus
641 2115 673 2176 in
696 2135 730 2175 re
754 2112 886 2177 militari
910 2121 1088 2177 sumerent·

101 2215 156 2278 De
179 2237 314 2279 numero
339 2236 450 2279 eorum
474 2216 585 2281 omnia
609 2238 643 2280 se
659 2213 780 2281 habere
804 2217 977 2301 explorata
994 2219 1109 2282 Remi4

102 2317 270 2400 dicebant,
294 2328 468 2403 propterea
488 2320 577 2404 quod
594 2320 895 2406 propinquitatibus
920 2321 1086 2386 affinitati-

103 2422 232 2507 busque
256 2423 433 2504 coniuncti,
458 2433 615 2508 quantam
632 2427 767 2510 quisque
790 2425 1031 2491 multitudinem
1053 2429 1087 2492 in

103 2527 270 2591 communi
289 2526 466 2610 Belgarum
489 2529 629 2594 coneilio
654 2528 697 2592 ad
720 2529 753 2592 id
776 2528 898 2594 bellum
921 2530 1086 2614 pollicitus

104 2634 158 2712 sit,
183 2632 407 2713 cognoverint.
436 2631 614 2697 Plurimum
643 2635 728 2698 inter
758 2655 814 2698 eos
838 2631 1031 2697 Bellovacos
1056 2641 1110 2697 etb

103 2736 226 2798 virtute
260 2745 293 2798 et
315 2738 518 2801 auctoritate·
546 2745 578 2801 et
609 2736 775 2800 hominum
799 2759 935 2801 numero
959 2735 1087 2817 valere3

104 2838 167 2903 hos
191 2858 290 2921 posse
314 2836 474 2903 conficere
498 2850 629 2904 armata
651 2839 741 2906 milia
758 2850 898 2921 centum,
922 2838 1087 2924 pollicitos

105 2965 149 3006 ex
173 2963 212 3005 eo
235 2962 370 3006 numero
395 2940 499 3008 electa
522 2946 713 3028 sexaginta,
743 2946 909 3027 totiusque
932 2941 1009 3007 belli
1031 2944 1088 3006 im-

104 3047 233 3131 perium
269 3043 331 3109 sibi
365 3045 543 3129 postulare.
590 3046 783 3112 Suessiones
812 3068 888 3111 suos
917 3067 989 3109 esse
1018 3044 1111 3107 fini-c

104 3151 222 3230 timos3
256 3146 434 3213 latissimos
456 3150 744 3236 feracissimosque
774 3170 872 3233 agros
907 3147 1087 3233 possidere.

106 3251 209 3338 Apud
238 3272 295 3316 eos
318 3252 419 3317 fuisse
441 3275 552 3337 regem
579 3265 692 3321 nostra
723 3257 823 3320 etiam
851 3254 1009 3319 memoria
1032 3250 1110 3314 Dii

105 3361 275 3426 ulliacum,
309 3356 410 3419 totius
445 3356 575 3421 Galliae
607 3360 891 3442 potentissimum,
928 3356 982 3441 qui
1016 3375 1090 3416 cum

105 3497 250 3559 magnae
266 3472 368 3560 partis
384 3470 499 3536 harum
516 3469 695 3550 regionum,
709 3474 777 3529 tum
795 3461 891 3525 etiam
900 3459 1090 3522 Britanniae

107 3581 283 3664 imperium
306 3576 499 3655 obtinuerit3
522 3592 609 3637 nunc
632 3591 704 3634 esse
727 3589 837 3649 regem
861 3560 1019 3627 Galbam:
1047 3557 1088 3624 ad
