2430 4028
125 227 186 291 144
426 230 475 278 DE
495 231 614 281 BELLO
637 231 794 281 GALLICO

208 419 238 482 3.
255 419 370 504 Itaque
387 421 531 485 nondum
548 421 653 487 hieme
669 422 821 488 confecta
836 422 997 510 proximis
1014 431 1103 509 quat-

123 533 197 588 tuor
224 525 348 588 coactis
372 523 556 607 legionibus
587 525 627 590 de
650 528 828 610 improviso
860 525 894 590 in
916 525 1000 591 fines
1023 525 1103 591 Ner·

101 629 249 693 aviorum
280 629 449 694 contendit
477 640 519 709 et,
549 632 740 717 priusquam
768 630 815 695 illi
844 639 901 696 aut
928 633 1104 696 convenire

123 743 180 797 aut
196 732 371 817 profugere
383 743 528 819 possent,
540 756 661 819 magno
676 736 804 819 pecoris
820 744 920 820 atque
936 732 1103 800 hominum

123 859 256 902 numero
286 848 384 923 capto
415 848 511 925 atque
541 862 581 904 ea
609 839 733 925 praeda
763 837 921 904 militibus
945 861 1104 905 concessa

123 943 328 1026 vastatisque
350 945 439 1026 agris
461 945 494 1007 in
512 942 712 1009 deditionem
727 945 837 1008 venire
856 951 955 1028 atque
972 942 1103 1009 obsides

100 1045 185 1110 asibi
203 1045 281 1110 dare
298 1049 416 1129 co'egit.
440 1047 489 1111 Eo
510 1046 659 1111 celeriter
673 1047 824 1111 confecto
842 1047 975 1129 negotio
991 1070 1103 1112 rursus

101 1153 155 1215 4in
179 1148 316 1214 hiberna
339 1150 482 1234 legiones
506 1150 645 1215 reduxit.
671 1147 819 1216 Concilio
844 1148 975 1215 Galliae
998 1153 1102 1237 primo

122 1278 209 1329 vere,
232 1263 268 1318 ut
289 1254 483 1333 instituerat,
506 1254 642 1336 indicto,
666 1276 740 1318 oum
762 1253 880 1338 reliqui
902 1252 1103 1337 praeterSe·

122 1380 237 1437 nones,
253 1355 414 1423 Carnutes
429 1359 656 1443 Treverosque
679 1359 856 1435 venissent,
880 1358 1012 1424 initium
1030 1357 1103 1425 belli

123 1485 163 1525 ac
192 1460 384 1526 defectionis
414 1462 478 1526 hoc
507 1484 578 1527 esse
603 1461 791 1540 arbitratus,
822 1470 859 1525 ut
881 1462 992 1526 omnia
1015 1471 1102 1548 post-

124 1589 244 1651 ponere
278 1566 454 1645 videretur‚
493 1566 669 1631 concilium
702 1566 869 1630 Lutetiam
904 1563 1105 1632 Parisiorum

102 1671 287 1735 5transfert.
311 1669 465 1735 Confines
490 1680 583 1735 erant
604 1671 637 1735 hi
661 1669 848 1736 Senonibus
871 1672 1104 1755 civitatemque

123 1784 253 1859 patrum
276 1776 433 1838 memoria
456 1776 703 1857 coniunxerant,
731 1775 789 1840 sed
812 1773 855 1840 ab
878 1773 941 1839 hoc
963 1771 1102 1838 consilio

101 1878 245 1943 caluisse
274 1878 558 1943 existimabantur.
587 1878 661 1942 Hac
694 1901 729 1942 re
758 1901 818 1962 pro
843 1884 1001 1961 suggestu
1034 1899 1104 1962 pro·

122 1982 273 2046 nuntiata
296 1981 412 2046 codem
436 1981 488 2046 die
510 2004 585 2046 cum
610 1980 794 2065 legionibus
817 1984 849 2046 in
866 1980 1016 2046 Senones
1034 2002 1104 2065 pro-

122 2086 281 2149 ficiscitur
302 2086 495 2171 magnisque
517 2084 687 2149 itineribus
710 2107 749 2149 eo
773 2086 932 2169 pervenit.

209 2187 239 2249 4.
264 2186 403 2271 Cognito
445 2190 514 2253 eins
548 2187 692 2253 adventu
722 2189 830 2272 Acco,
866 2188 920 2274 qui
952 2188 1105 2274 princeps

125 2293 195 2356 eius
225 2291 352 2356 consilii
379 2291 501 2373 fuerat,
531 2292 622 2357 iubet
650 2294 683 2356 in
708 2292 831 2377 oppida
864 2289 1105 2356 multitudinem

124 2397 310 2461 convenire,
355 2393 576 2473 Conantibus}
599 2399 790 2481 priusquam
813 2395 847 2459 id
870 2394 958 2460 effici
981 2403 1103 2481 posset,

102 2500 241 2564 aadesse
257 2499 424 2564 Romanos
446 2501 623 2564 nuntiatur.
647 2498 841 2564 Necessario
867 2499 1032 2563 sententia
1055 2498 1104 2562 de·

125 2606 243 2667 sistunt
271 2603 464 2688 legatosque
493 2601 692 2688 deprecandi
720 2623 823 2666 causa
856 2600 900 2665 ad
929 2597 1105 2666 Caesarem

126 2709 272 2790 mittunt3
295 2708 416 2772 adeunt
433 2730 491 2791 per
507 2707 652 2786 Aeduos,
669 2727 809 2790 quorum
833 2705 1015 2790 antiquitus
1039 2712 1106 2769 erat

103 2814 157 2875 ain
180 2811 244 2875 fide
268 2813 394 2876 civitas.
433 2811 589 2876 Libenter
612 2807 736 2874 Caesar
765 2806 951 2894 petentibus
981 2807 1105 2874 Aeduis

126 2915 183 2979 dat
198 2918 327 2979 veniam
350 2917 664 2999 excusationemque
687 2913 817 2998 accipit,
834 2911 923 2996 quod
945 2913 1105 2976 aestivum

124 3030 253 3105 tempus
277 3020 429 3083 instantis
448 3018 537 3095 belli,
559 3040 626 3082 non
642 3017 844 3103 quaestionis
868 3037 940 3080 esse
966 3013 1105 3080 arbitra-

102 3125 232 3190 4batur.
256 3121 437 3188 Obsidibus
452 3122 622 3207 imperatis
639 3135 769 3185 centum
784 3121 845 3185 hos
858 3116 984 3182 Aeduis
999 3126 1106 3182 custo·

102 3229 263 3296 ⁵dieudos
286 3227 395 3292 tradit.
424 3225 552 3290 Eodem
576 3225 737 3290 Carnutes
759 3224 887 3308 legatos
911 3219 1106 3306 obsidesque

125 3337 259 3400 mittunt
280 3334 331 3397 usi
355 3329 625 3417 deprecatoribus
647 3329 768 3410 Remis,
793 3347 932 3412 quorum
954 3333 1052 3389 erant
1073 3325 1104 3388 in

103 3436 292 3504 ssclieutela:
317 3435 431 3501 eadem
452 3433 562 3499 ferunt
583 3453 754 3518 responsa.
776 3429 908 3513 Peragit
930 3426 1104 3493 concilium

127 3541 250 3606 Caesar
272 3541 462 3624 equitesque
485 3537 623 3622 imperat
647 3534 844 3600 civitatibus.
