2430 4028
181 250 245 316 246
487 251 537 301 nn
554 249 675 302 annno
695 248 853 302 Gnhmco

180 451 331 529 pararet,
362 462 427 527 quo
459 441 521 508 sibi
548 444 733 526 resisteret,
762 442 822 510 sed
843 442 1019 510 nonnullos
1041 464 1087 509 ex
1108 464 1165 529 op

180 547 267 632 pidis
302 544 503 629 demigrare,
539 569 581 612 ex
614 548 704 632 agris
737 545 896 632 diffugere
930 547 975 613 ad
1006 568 1166 633 praesens

180 651 352 736 imperium
385 649 597 729 evitandum,
629 649 740 736 plures
771 652 806 715 in
836 659 948 737 partes
980 652 1165 717 exercitum

159 754 344 820 adimittere
367 754 548 819 constituit.
585 754 631 819 Μ.
654 752 835 819 Antonium
857 762 1068 841 quaestorem
1090 778 1166 822 eum

180 859 310 943 legione
339 856 536 924 duodecima
562 857 625 924 sibi
657 859 836 943 coniungit.
881 855 918 922 0.
948 856 1093 925 Fabium
1120 858 1165 926 le

180 971 294 1046 gatum
316 983 391 1027 cum
413 961 604 1027 cohortibus
628 979 702 1025 xxv
725 963 826 1028 mittit
847 963 881 1027 in
903 960 1164 1029 diversissimam

180 1074 309 1149 partem
325 1063 465 1138 Galliae,
489 1064 579 1150 quod
601 1064 647 1129 ibi
663 1063 824 1150 quasdam
840 1066 992 1131 civitates
1014 1067 1047 1130 in
1064 1068 1165 1131 armis

180 1191 253 1235 esse
278 1167 437 1234 audiebat
459 1189 564 1254 neque
587 1165 622 1231 Ο.
639 1165 814 1233 Caninium
834 1166 986 1235 Rebilum
1008 1168 1166 1254 legatum,

180 1272 235 1358 qui
259 1272 293 1337 in
308 1270 372 1337 illis
389 1270 577 1356 regionibus
594 1280 674 1352 erat,
692 1273 772 1336 satis
787 1271 899 1337 firmas
915 1271 999 1338 duas
1013 1271 1165 1357 legiones

157 1373 301 1440 rhabere
324 1362 543 1442 existimabat.
567 1375 678 1440 Titum
695 1372 880 1441 Labienum
902 1374 947 1441 ad
963 1397 999 1441 se
1021 1387 1160 1463 evocat3

178 1477 341 1563 legionem
356 1487 466 1544 autem
480 1496 548 1559 xv„
565 1499 652 1564 quae
669 1499 744 1542 cum
766 1499 806 1544 eo
822 1477 930 1544 fuerat
951 1479 987 1543 iu
1000 1476 1160 1565 hibernis,

178 1584 212 1647 iu
234 1590 385 1665 togatam
415 1581 560 1648 Galliam
582 1581 682 1647 mittit
711 1580 754 1647 ad
776 1580 925 1647 colonias
954 1582 1078 1648 civium
1098 1582 1164 1649 Ro·

178 1706 349 1752 manorum
372 1686 520 1769 tuendas,
543 1686 689 1770 nequod
713 1685 818 1751 simile
839 1685 1088 1754 incommodum
1108 1709 1162 1753 ac·

178 1790 303 1857 cideret
326 1790 519 1857 decursione
533 1790 761 1873 barbarorum,
777 1812 818 1856 ac
840 1793 1010 1876 superiore
1031 1800 1161 1857 aestate

178 1894 381 1978 Tergestinis
406 1894 583 1978 acciderat,
600 1895 655 1981 qui
678 1896 849 1980 repentino
872 1892 1046 1961 latrocinio
1063 1904 1165 1981 atque

156 1997 302 2080 simpetu
324 1995 453 2062 illomm
478 2006 571 2062 erant
593 1999 754 2082 oppressi.
798 1997 876 2082 Ipse
907 1997 952 2064 ad
979 1998 1164 2066 vastandos

179 2098 494 2185 depopulandosque
509 2099 591 2165 lines
600 2099 800 2184 Ambiorigis
811 2098 1049 2186 proficiscitur3
1064 2123 1164 2188 quem

177 2204 384 2286 perterritum
409 2224 448 2269 ac
472 2204 652 2288 fugientem
674 2225 749 2269 oum
771 2201 875 2288 redigi
892 2225 990 2287 posse
1011 2205 1048 2271 iu
1067 2227 1163 2273 snam

177 2313 374 2390 potestatem
408 2305 626 2392 desperasset,
660 2308 846 2393 proximum
881 2327 960 2373 suae
991 2305 1163 2392 dignitatis

177 2431 250 2473 esse
272 2406 423 2491 ducebat,
447 2407 531 2474 adeo
554 2409 636 2473 fines
659 2409 728 2473 eius
751 2419 886 2476 vastare
908 2407 1049 2494 civibus,
1072 2412 1162 2479 aedi·

176 2512 270 2594 ficiis,
294 2533 430 2598 pecore,
466 2521 503 2578 ut
533 2510 608 2578 odio
634 2534 768 2578 suorum
790 2510 984 2595 Ambiorix,
1018 2515 1049 2579 si
1079 2538 1162 2601 quos

176 2615 309 2680 fortuna
331 2614 477 2702 reliquos
509 2617 660 2693 fecisset,
694 2615 820 2681 nullum
851 2615 992 2683 reditum
1024 2628 1164 2705 propter

121 2771 124 2775 .
176 2726 287 2785 tantas
309 2717 515 2784 calamitates
537 2718 674 2785 haberet
696 2721 730 2784 in
752 2720 935 2785 civitatem.

260 2821 312 2886 25.
346 2820 428 2887 (lum
460 2822 494 2887 in
528 2844 640 2889 omues
675 2831 785 2908 partes
818 2823 933 2889 finium
956 2821 1160 2911 Ambiorigis

176 2933 233 2989 aut
265 2924 410 3010 legiones
446 2934 502 2990 aut
535 2926 660 2991 auxilia
694 2926 889 2993 dimississet
919 2934 1020 3012 atque
1051 2928 1162 2995 omnia

175 3026 347 3110 caedibus,
376 3026 553 3111 incendiis,
585 3029 711 3112 rapinis
744 3036 925 3111 vastasset,
955 3038 1079 3115 magno
1100 3054 1161 3099 nu·

175 3152 265 3196 mero
288 3129 455 3196 hominurn
476 3132 649 3197 interfecto
673 3142 730 3198 aut
751 3141 850 3218 capto
874 3131 1061 3202 Labienum
1076 3157 1161 3219 *cunr

155 3233 305 3300 aduabus
321 3234 505 3319 legionibus
528 3236 562 3299 in
573 3236 736 3300 Treveros
752 3236 868 3320 mittin
882 3257 1021 3322 quornm
1038 3240 1158 3307 civitas

176 3347 311 3423 propter
327 3335 525 3403 Germaniae
547 3339 751 3404 vicinitatem
774 3338 951 3405 cotidianis
973 3343 1160 3410 exercitata

176 3440 272 3506 bellis
289 3440 379 3506 cultu
402 3450 434 3507 et
456 3440 585 3508 feritate
602 3465 667 3508 non
683 3441 819 3508 multum
843 3440 1055 3511 aGermanis
1070 3444 1160 3511 diffe-
