2430 4028
403 260 514 309 LIBER
531 260 566 321 11,
587 258 661 309 CAP.
682 258 791 307 31-35.
1047 256 1086 320 61

111 448 272 533 proximis
296 448 440 515 castellis
463 471 501 514 eo
526 470 721 513 concursum
744 455 808 522 est,
844 454 1111 531 pugnatumquea

110 551 153 615 ab
184 549 335 616 hostibus
363 554 410 616 ita
439 553 558 616 acriter
588 560 646 627 est,
676 560 712 614 ut
741 573 761 615 a
792 551 870 614 viris
894 547 1033 614 fortibus
1056 551 1090 614 in

111 664 259 720 extrema
284 677 342 740 spe
365 655 480 721 salutis
503 657 613 741 iniquo
636 654 711 719 loco
735 663 850 719 contra
873 675 940 733 eos,
970 654 1025 739 qui
1049 675 1091 717 ex

112 757 200 823 vallo
224 757 432 843 turribusque
455 757 522 822 tela
543 760 698 837 iacerent,
716 759 855 842 pugnari
877 755 1000 832 debuit,
1017 778 1089 820 cum

109 863 143 926 iu
167 884 232 925 una
247 863 366 927 virtute
384 864 488 927 omnis
513 885 588 947 spes
605 860 720 926 salutis
736 862 940 926 consisteret.
961 859 1112 926 Occisiss

108 965 154 1030 ad
181 965 348 1030 hominum
377 964 509 1030 milibus
539 974 693 1051 quattuor
719 964 834 1050 reliqui
867 964 901 1027 in
934 963 1090 1050 oppidum

107 1070 221 1133 reiecti
246 1080 329 1134 sunt.
353 1069 514 1135 Postridie
538 1073 607 1135 eius
629 1069 692 1134 diei
709 1070 859 1140 refractis
876 1071 990 1154 portis,
1016 1089 1111 1134 cums

107 1175 176 1237 iam
207 1172 396 1238 defenderet
424 1196 537 1255 nemo,
573 1184 672 1258 atque
706 1175 902 1238 intromissis
930 1172 1089 1239 militibus

106 1277 231 1341 nostris
256 1279 432 1342 sectionem
455 1277 523 1341 eius
542 1276 653 1361 oppidi
670 1278 856 1341 universam
873 1274 996 1341 Caesar
1013 1299 1089 1341 ven-

108 1379 200 1446 didit.
224 1379 277 1445 Ab
300 1382 350 1454 iis,
368 1382 423 1466 qui
446 1390 601 1455 emerant,
620 1382 765 1464 capitum
782 1402 936 1445 numerus
953 1380 996 1444 ad
1015 1396 1110 1446 eum?

106 1483 231 1550 relatus
255 1494 305 1549 est
327 1485 452 1551 milium
476 1486 713 1570 quinquaginta
736 1485 842 1547 trium.

196 1586 248 1653 34.
271 1589 397 1654 Eodem
413 1598 560 1673 tempore
583 1612 603 1651 a
619 1587 735 1653 Publio
754 1585 885 1670 Crasso,
903 1609 999 1672 quem
1015 1609 1090 1652 cum

106 1692 238 1774 legione
261 1714 328 1757 una
349 1694 484 1757 miserat
506 1691 550 1756 ad
566 1692 719 1768 Venetos,
736 1689 902 1773 Venellos,
927 1689 1088 1774 Osismos,

108 1793 338 1873 Curioeolitas,
355 1797 508 1878 Esurios,
528 1793 699 1876 Aulercos,
718 1793 882 1871 Redones,
907 1816 991 1880 quae
1015 1804 1090 1858 sunt

106 1901 291 1965 maritimae
314 1900 465 1965 civitates
495 1899 728 1983 Oceanumque
758 1900 938 1980 attingunt,
970 1900 1089 1963 certior

105 2004 215 2067 factus
245 2013 428 2068 est-omnes
458 2026 514 2068 eas
538 2003 686 2066 civitates
717 2001 750 2065 in
774 2000 973 2065 deditionem
998 2010 1087 2085 pote·

107 2116 293 2192 statcmque
317 2106 430 2192 populi
452 2105 592 2170 Romani
616 2127 687 2168 esse
710 2104 873 2168 redactas.

193 2207 245 2271 35.
269 2209 332 2274 His
354 2207 452 2273 rebus
476 2211 577 2292 gestis
602 2209 690 2272 omni
714 2205 824 2270 Gallia
850 2216 973 2292 pacata
996 2217 1088 2272 tanta

106 2313 204 2377 huius
233 2311 309 2377 belli
332 2311 375 2376 ad
398 2309 558 2376 barbaros
589 2312 698 2395 opinio
728 2310 856 2395 perlata
885 2318 944 2391 est,
973 2311 1021 2375 uti
1046 2310 1087 2375 ab

104 2418 146 2480 iis
170 2416 368 2497 nationibus,
389 2435 472 2499 quae
495 2425 586 2478 trans
602 2411 752 2477 Rhenum
775 2410 964 2492 incolerent,
982 2414 1087 2478 mitte·

104 2528 219 2583 rentur
239 2518 341 2603 legati
363 2517 407 2582 ad
431 2516 616 2593 Caesarem,
641 2517 696 2601 qui
725 2537 760 2579 se
785 2515 916 2580 obsides
940 2516 1086 2598 daturas,

104 2624 268 2707 imperata
301 2622 447 2686 facturas
481 2620 721 2705 pollicerentur.
774 2617 866 2699 Quas
904 2618 1110 2703 legationesa

106 2723 232 2790 Caesar
266 2724 354 2811 quod
387 2727 421 2789 in
442 2723 573 2788 Italiam
605 2721 840 2807 Illyricumque
873 2724 1085 2808 properabat,

103 2830 187 2893 inita
210 2831 362 2914 proxima
385 2836 513 2892 aestate
537 2827 579 2891 ad
605 2848 639 2889 se
662 2826 782 2890 reverti
805 2825 908 2889 iussit
953 2825 1028 2911 Ipse
1051 2828 1108 2889 ina

103 2931 285 3015 Carnutes,
310 2931 439 3016 Andes,
469 2932 635 3012 Turones,
665 2952 813 3015 quaeque
840 2930 990 2994 civitates
1014 2952 1088 3016 pro-

103 3035 250 3121 pinquae
270 3034 322 3099 his
345 3034 427 3100 locis
451 3043 553 3117 crant,
581 3030 638 3098 ubi
661 3031 784 3097 bellum
806 3043 963 3115 gesserat,
988 3033 1088 3117 legio·

102 3138 203 3204 nibus
232 3140 266 3203 in
287 3137 502 3203 hibernacula
526 3136 674 3201 deductis
702 3138 736 3199 in
759 3134 890 3199 Italiam
921 3138 1087 3221 profectus

103 3253 166 3309 est.
207 3241 258 3308 Ob
283 3264 404 3328 easque
435 3264 487 3305 res
512 3264 554 3305 ex
582 3240 699 3305 litteris
724 3237 875 3303 Caesaris
903 3240 972 3305 dies
996 3241 1110 3327 quin-4

103 3347 214 3423 decim
237 3344 432 3430 supplicatio
451 3345 582 3409 decreta
605 3353 664 3428 est,
690 3344 778 3429 quod
801 3352 877 3408 ante
900 3343 934 3407 id
956 3354 1085 3430 tempus

102 3448 230 3514 accidit
253 3447 343 3514 nulli.

496 3620 697 3632 3—-2———4-n
