2430 4028
399 250 509 300 ninas
526 250 576 311 111,
596 249 672 299 cnr.
693 250 801 300 rn-ra.
1052 249 1097 314 73

112 464 214 528 seque
231 464 305 507 cum
321 441 509 507 Viridovice
525 444 781 521 coniunxerunt3
798 463 983 525 magnaque
999 463 1116 526 prae-4

110 555 202 610 terea
230 543 404 613 multitudo
432 544 576 631 undique
607 567 650 610 ex
675 542 785 608 Gallia
813 542 1014 628 perditorum
1036 543 1092 608 ho-

113 650 240 712 minum
254 647 483 734 latronumque
496 656 704 729 convenerat,
721 669 803 733 quos
820 669 895 732 spes
912 647 1092 732 praedandi

115 750 325 837 studiumque
359 751 502 818 bellandi
539 750 582 815 ab
617 751 818 835 agricultura
858 759 889 815 et
925 750 1092 816 cotidiano

110 853 225 919 labore
258 856 446 920 revocabat.
493 853 637 920 Sabinus
667 855 787 921 idoneo
818 854 968 920 omnibus
995 854 1115 919 rebuss

111 958 186 1023 loco
222 961 341 1023 castris
372 981 444 1024 sese
482 958 631 1031 tenebat,
666 981 741 1024 cum
770 958 943 1024 Viridovix
978 966 1093 1023 contra

109 1084 184 1127 cum
224 1061 324 1128 duum
358 1062 483 1128 milium
518 1063 625 1148 spatio
664 1061 868 1127 consedisset
908 1061 1092 1144 cotidieque

108 1165 281 1251 productis
298 1167 402 1251 copiis
418 1165 587 1250 pugnandi
604 1174 801 1250 potestatem
816 1165 950 1240 faceret,
975 1174 1012 1229 ut
1026 1165 1092 1229 iam

107 1292 175 1334 non
189 1267 294 1334 solum
306 1268 456 1334 hostibus
468 1271 502 1333 in
515 1270 791 1354 contemptionem
800 1266 943 1333 Sabinus
956 1270 1091 1349 veniret,

108 1373 170 1437 sed
194 1374 292 1437 etiam
314 1381 502 1436 nostrorum
525 1370 664 1436 militum
687 1370 824 1436 vocibus
853 1371 998 1437 nonnihil
1022 1394 1092 1436 car·

107 1486 257 1560 peretum
285 1484 477 1561 tantamque
501 1477 688 1560 opinionem
711 1476 837 1540 timoris
860 1475 1027 1560 praebuit,
1057 1487 1115 1542 uto

109 1582 177 1643 iam
200 1578 244 1644 ad
266 1578 390 1644 vallum
413 1589 597 1645 castrorum
612 1580 723 1644 hostes
748 1577 906 1644 accedere
922 1579 1090 1650 auderent.

112 1682 153 1746 Id
170 1704 210 1747 ea
226 1682 268 1746 de
283 1704 385 1748 causa
400 1681 556 1765 faciebat,
581 1683 669 1768 quod
685 1705 759 1746 cum
774 1691 870 1747 tanta
884 1681 1114 1750 multitudiner

111 1785 257 1851 hostium
273 1787 462 1872 praesertim
480 1809 518 1852 eo
543 1785 688 1870 absente,
714 1788 768 1873 qui
788 1808 948 1851 summam
964 1787 1090 1871 imperii

110 1898 248 1973 teneret,
266 1890 329 1954 nisi
345 1912 450 1975 aequo
466 1889 541 1956 loco
559 1898 616 1954 aut
628 1892 873 1975 opportunitate
889 1890 1001 1976 aliqua
1013 1890 1092 1954 data

108 1992 221 2076 legato
246 1991 469 2058 dimicandum
492 2015 558 2058 non
582 1993 805 2058 existimabat.

197 2094 247 2161 18.
276 2095 351 2160 Hac
383 2097 576 2161 confirmata
600 2097 755 2182 opinione
786 2098 912 2162 timoris
936 2098 1089 2164 idoneum

108 2200 275 2286 quendam
297 2200 465 2265 hominem
488 2211 521 2264 ct
543 2200 700 2265 callidum
724 2200 854 2285 delegit,
880 2200 1024 2282 Gallum,
1048 2225 1091 2267 ex

105 2306 159 2384 iis,
183 2324 265 2388 quos
282 2303 398 2368 auxilii
422 2325 524 2368 causa
550 2326 660 2369 secum
677 2303 833 2370 habebat.
858 2305 946 2369 Huic
962 2307 1113 2390 magnisa

107 2407 265 2491 praemiis
282 2406 639 2493 pollicitationibusque
652 2407 839 2492 persuadet,
858 2410 904 2472 uti
921 2408 963 2472 ad
979 2408 1091 2474 hostes

107 2520 268 2595 transeat,
298 2522 345 2590 et,
369 2511 448 2597 quid
470 2512 540 2576 fieri
565 2510 659 2591 velit,
689 2510 815 2576 edocet.
863 2510 926 2591 Qui
949 2512 1007 2577 ubi
1030 2535 1112 2597 proa

104 2616 248 2702 perfuga
264 2616 308 2680 ad
323 2637 381 2680 eos
398 2618 497 2698 venit,
515 2617 666 2680 timorem
682 2615 903 2680 Romanorum
920 2619 1091 2702 proponit3

105 2717 229 2805 quibus
257 2720 420 2802 angustiis
450 2721 521 2804 ipse
544 2716 669 2782 Caesar
698 2741 718 2782 a
740 2718 884 2801 lVenctis
913 2729 1089 2805 prematur,

104 2822 222 2905 docet,
250 2844 356 2907 neque
384 2821 513 2906 longius
537 2820 671 2904 abesse,
703 2824 779 2908 quin
809 2824 963 2907 proxima
993 2832 1113 2888 noctec

106 2924 254 2991 Sabinus
270 2924 356 2991 clam
373 2948 415 2990 cx
430 2927 548 2990 castris
564 2928 745 2991 exereitum
763 2924 883 2990 educat
898 2935 931 2991 et
947 2925 991 2991 ad
1009 2926 1090 2992 an—
1152 2946 1170 3014 ;[

108 3050 220 3094 sarem
242 3028 356 3094 auxilii
381 3029 505 3094 serendi
529 3051 632 3094 causa
647 3029 887 3114 proficiscatur.
913 3029 1010 3109 Quod
1034 3030 1112 3095 ubis

104 3132 255 3198 auditum
278 3142 337 3217 est,
354 3132 563 3197 conclamant
586 3155 710 3206 omnes,
734 3135 944 3198 occasionem
967 3136 1089 3218 negotii

103 3236 192 3301 bene
220 3236 355 3318 gerendi
384 3236 597 3301 amittendam
627 3259 694 3302 non
724 3259 813 3303 esse:
845 3236 888 3302 ad
920 3247 1030 3302 castra
1051 3240 1090 3302 iri

105 3348 270 3424 oportere.
303 3338 426 3404 Multae
448 3362 501 3404 res
525 3341 655 3406 adhoc
679 3340 853 3406 consilium
878 3340 993 3406 Gallos
1017 3341 1112 3407 hor-c

103 3440 277 3507 tabantur:
302 3442 505 3527 superiorum
529 3442 655 3508 dierum
678 3443 792 3509 Sabini
816 3446 994 3527 cunctatio,
1018 3467 1090 3531 per-

102 3544 207 3629 fugae
229 3545 446 3629 confirmatio,
472 3547 584 3631 inopia
601 3546 810 3630 cibariorum,
834 3549 886 3612 cui
903 3549 949 3613 rei
973 3570 1090 3634 parurn
