2430 4028
406 912 442 978 O.
467 914 579 979 IULll
607 915 824 984 CAESARIS

186 1073 294 1180 DE
343 1053 619 1186 BELLO
664 1077 1044 1188 GALLIOO

416 1287 559 1343 LIBER
589 1289 806 1348 TERTIUS.

538 1471 692 1479 ———-

470 1640 760 1697 ARGUMENTUM.

127 1759 166 1828 [A.
185 1764 219 1819 U.
239 1765 268 1817 C.
287 1763 355 1830 698]
385 1764 493 1815 Servius
513 1764 612 1826 Galba,
631 1766 737 1830 legatus
758 1765 890 1829 Caesaris,
909 1771 1004 1831 gentes
1024 1783 1107 1833 quas·

160 1849 221 1900 dam
251 1853 322 1903 inter
348 1850 415 1901 fines
438 1852 627 1916 Allobrogum,
654 1853 744 1902 lacum
771 1853 939 1902 Lemannum
968 1857 995 1902 et
1019 1853 1106 1920 Alpes

159 1938 225 1988 sitas
252 1940 378 1990 secundis
406 1940 509 2005 aliquot
534 1940 645 2004 proeliis
667 1941 746 2002 vicit,
773 1939 936 1990 rebellantes
960 1943 986 1990 et
1013 1946 1108 1991 castra

159 2032 344 2090 oppugnantes
362 2029 439 2093 gravi
457 2027 534 2077 clade
553 2028 697 2092 prostravit
715 2044 739 2076 c.
758 2028 832 2079 1-6.
858 2026 962 2076 Eodem
981 2035 1106 2092 tempore

158 2109 290 2160 Armorici
313 2112 455 2176 rebellant,
474 2129 541 2178 quos
561 2113 661 2163 Caesar
683 2113 798 2178 primurn
816 2113 937 2162 terrestri
961 2112 1038 2163 bello
1057 2128 1106 2180 ag·

159 2212 269 2260 gressus
288 2203 336 2262 est,
356 2198 461 2262 deinde,
481 2215 542 2248 oum
560 2215 654 2264 parum
672 2199 839 2265 profecisset,
865 2199 979 2249 navibus
998 2197 1107 2250 domuit

158 2300 181 2332 c.
195 2285 288 2336 7-16.
306 2284 366 2334 Non
385 2286 473 2334 minus
491 2285 607 2335 feliciter
623 2286 707 2350 legati
721 2286 751 2346 Q.
771 2286 891 2336 Titurius
910 2301 970 2334 cum
980 2284 1107 2336 Venellis

158 2385 180 2420 c.
200 2371 310 2434 1‘1-19‚
334 2370 364 2419 P.
385 2370 497 2421 Crassus
525 2387 586 2420 cum
605 2371 746 2436 Aquitanis
770 2376 925 2436 pugnarunt
947 2386 971 2420 c.
989 2372 1105 2421 20-2‘1.

157 2458 188 2506 In
206 2457 326 2506 Morinos
344 2457 538 2522 Menapiosque
555 2473 713 2522 progressus
738 2458 772 2506 ob
791 2458 856 2506 anni
873 2462 980 2521 tempus
1000 2455 1106 2507 Caesar

158 2544 304 2594 exercitum
323 2544 351 2591 in
369 2543 483 2592 hiberna
502 2543 607 2593 reducit
625 2561 648 2594 c.
666 2546 709 2608 28,
728 2546 769 2593 29.

210 2733 238 2795 1.
263 2730 344 2797 Oum
367 2734 400 2796 in
425 2732 554 2797 Italiam
584 2733 847 2818 proficisceretur
869 2731 1003 2813 Caesar,
1028 2733 1105 2799 Ser·

122 2834 211 2898 vium
228 2833 371 2899 Galbam
395 2857 468 2899 cum
491 2835 620 2920 legione
636 2854 686 2900 un
709 2845 742 2901 et
763 2846 856 2920 parte
879 2837 1044 2922 equitatus
1067 2838 1105 2901 in

121 2937 316 3019 Nantuates,
339 2939 505 3023 Veragros
525 2939 739 3024 Sedunosque
762 2940 860 3024 misit,
885 2942 940 3025 qui
962 2939 1005 3005 ab
1029 2940 1104 3005 fini-

121 3038 183 3105 bus
206 3039 422 3128 Allobrogum
452 3053 484 3107 et
511 3042 586 3108 lacu
609 3043 779 3109 Lemanno
803 3052 836 3107 et
858 3042 990 3108 flumine
1013 3041 1104 3108 Rho·

100 3147 209 3212 adano
234 3146 277 3210 ad
301 3168 445 3211 summas
467 3145 570 3231 Alpes
595 3148 767 3230 pertinent.
812 3144 923 3212 Causa
949 3146 1103 3235 mittendi

120 3251 191 3333 fuit,
217 3248 305 3335 quod
327 3252 389 3315 iter
411 3272 470 3335 per
485 3249 597 3335 Alpes,
623 3272 686 3336 quo
711 3271 831 3334 magno
855 3271 931 3313 cum
952 3248 1100 3334 periculo

123 3355 315 3438 magnisque
338 3375 413 3418 cum
429 3355 582 3438 portoriis
604 3362 803 3418 mercatores
826 3354 873 3416 ire
889 3361 1102 3431 consuerant,

100 3457 268 3541 spatefieri
293 3456 435 3521 volebat.
469 3456 556 3521 Huic
579 3457 734 3541 permisit,
760 3457 787 3519 si
811 3476 894 3540 opus
916 3476 990 3518 esse
1015 3453 1102 3519 arbi·
