2430 4028
368 242 479 293 nisan
496 243 518 306 1,
538 242 615 292 ose.
636 226 745 294 to-1o.
1005 243 1045 308 13

63 432 135 498 solo
159 457 209 517 ca,
234 456 318 520 quae
347 433 380 496 in
409 441 573 496 conventu
603 432 744 496 dixerat.
790 430 880 496 Dicit
909 431 1045 498 liberius

61 547 162 623 atque
195 539 363 603 audacius.
409 535 537 600 Eadem
567 544 694 600 secreto
725 534 766 599 ab
797 534 871 600 aliis
902 538 1044 621 quaerit,

61 643 186 726 reperit
208 664 281 706 esse
304 662 397 704 vera:
421 642 530 724 ipsum
553 661 626 704 esse
643 641 891 723 Dumnorigem,
917 663 1080 708 summas

61 745 217 827 audacia,
241 765 362 827 magna
384 741 475 827 apud
497 741 626 827 plebem
650 753 784 829 propter
812 742 1044 808 liberalitatem

60 851 179 934 gratia,
204 847 360 931 cupidum
381 869 489 911 rerum
512 869 682 911 novarum.
722 846 915 932 Complures
939 870 1044 912 annos

63 954 213 1037 portoria
256 951 446 1036 reliquaque
493 953 603 1015 omnia
641 950 830 1016 Aeduorum
867 950 1044 1035 vectigalia

61 1078 166 1142 parvo
190 1057 294 1141 pretio
318 1054 488 1138 redempta
512 1053 651 1138 habere,
679 1064 854 1141 propterea
878 1055 965 1141 quod
987 1054 1043 1118 illo

60 1160 181 1224 licente
215 1169 330 1223 contra
363 1157 463 1222 liceriv
490 1157 611 1222 audeat
639 1181 745 1223 nemo.
793 1160 855 1223 His
883 1157 982 1222 rebus
1012 1168 1080 1223 etr

63 1286 157 1329 suam
179 1285 247 1327 rem
269 1262 464 1328 familiarem
488 1264 622 1327 auxisse
650 1272 682 1327 et
704 1261 879 1327 facultates
908 1262 952 1326 ad
980 1261 1043 1327 lar-

61 1366 218 1450 giendum
251 1388 387 1449 magnas
422 1387 652 1450 comparasse3
685 1387 840 1450 magnum
874 1387 1079 1430 numeruma

62 1471 226 1556 equitatus
255 1493 314 1534 suo
346 1478 477 1553 sumptu
512 1491 641 1552 semper
674 1468 760 1533 alere
794 1479 827 1533 et
855 1470 977 1533 circum
1008 1491 1043 1532 se

61 1573 196 1656 habere,
231 1595 336 1657 neque
367 1572 471 1637 solum
506 1572 611 1649 domi,
646 1573 827 1637 sedetiam
856 1571 945 1657 apud
972 1573 1078 1636 fini-o

61 1680 161 1743 timas
184 1678 336 1742 civitates
359 1677 493 1759 largiter
515 1698 613 1761 posse
636 1685 735 1761 atque
758 1676 852 1741 huius
876 1678 1042 1761 potentiae

62 1803 166 1846 causa
192 1788 329 1845 matrem
358 1781 392 1844 in
419 1778 622 1863 Biturigibus
651 1779 774 1844 homini
807 1780 874 1844 illic
908 1779 1042 1845 nobilis-

64 1887 147 1949 simo
171 1906 210 1948 ac
234 1884 462 1968 potentissimo
486 1882 678 1964 collocasse,
694 1885 802 1968 ipsum
825 1907 868 1948 ex
883 1883 1043 1949 Helvetiis
1065 1917 1077 1956 r

62 2010 200 2053 uxorem
232 1984 371 2069 habere,
407 2008 552 2052 sororem
587 2010 629 2051 ex
652 1996 755 2051 matre
784 1998 817 2052 et
842 1989 1043 2072 propinquas

63 2113 141 2156 suas
164 2099 302 2175 nuptum
331 2090 365 2153 in
394 2090 477 2156 alias
500 2091 648 2154 civitates
678 2089 870 2154 collocasse.
916 2091 1042 2156 Favere
1065 2125 1077 2162 3

62 2204 94 2259 et
118 2216 236 2278 cupere
260 2191 422 2258 Helvetiis
446 2202 581 2279 propter
604 2216 676 2258 eam
700 2193 905 2276 affinitatem,
934 2194 1043 2258 odisse

61 2300 163 2363 etiam
197 2319 255 2362 suo
290 2299 421 2361 nomine
456 2296 632 2363 Caesarem
667 2307 699 2362 et
733 2297 919 2378 Romanos,
955 2297 1043 2383 quod

62 2424 176 2466 eorum
193 2401 336 2466 adventu
351 2403 499 2486 potentia
522 2403 593 2466 eius
610 2401 785 2478 deminuta,
810 2411 842 2466 et
856 2401 1042 2466 Divitiacus

62 2506 165 2569 frater
187 2505 220 2567 in
235 2505 412 2589 ¹antiquum
437 2505 545 2569 locum
568 2507 695 2588 gratiae
718 2515 816 2589 atque
839 2503 972 2570 honoris
1002 2504 1043 2568 sit

62 2610 242 2673 restitutus.
287 2608 322 2673 Si
346 2608 424 2693 quid
451 2608 582 2673 accidat
611 2610 786 2690 Romanis,
822 2630 981 2673 summam
1009 2609 1041 2672 in
1065 2642 1077 2679 0

64 2735 156 2799 spem
180 2735 238 2796 per
260 2712 429 2778 Helvetios
452 2713 544 2795 regni
568 2711 735 2777 obtinendi
757 2714 883 2793 venire;
906 2711 1041 2796 imperio

63 2817 178 2904 populi
202 2818 339 2882 Romani
362 2840 428 2882 non
451 2815 549 2882 modo
580 2816 621 2880 de
643 2839 762 2901 regno,
797 2817 855 2881 sed
879 2817 977 2880 etiam
1001 2816 1042 2880 de

64 2946 112 3001 ea,
129 2945 227 3008 quam
251 2921 381 3004 habeat,
398 2923 506 3004 gratia
523 2921 706 3007 desperare.
729 2920 927 3007 Reperiebat
943 2921 1041 2985 etiam
1052 2948 1078 2988 ιο

63 3027 97 3090 in
122 3025 308 3110 quaerendo
333 3024 475 3106 Caesar,
506 3026 593 3112 quod
621 3023 781 3112 proelium
811 3035 962 3110 equestre
986 3025 1042 3089 ad-

64 3151 195 3194 versum
223 3129 336 3214 paucis
370 3137 448 3193 ante
478 3129 592 3195 diebus
625 3139 713 3195 esset
741 3128 881 3208 factum,
915 3129 1042 3194 initium

64 3234 134 3296 eius
168 3233 266 3314 fugae
294 3234 418 3296 factum
447 3256 466 3297 a
496 3234 699 3318 Dumnorige
729 3242 827 3317 atque
856 3232 925 3295 eius
954 3235 1043 3315 equi·

64 3335 153 3401 tibus
184 3338 271 3417 (nam
299 3339 473 3422 equitatui,
505 3359 601 3422 quem
628 3336 752 3403 auxilio
776 3336 910 3400 Caesari
934 3335 1042 3401 Aedui

64 3442 233 3519 miserant,
250 3440 433 3506 Dumnorix
449 3442 632 3525 praeerat):
656 3463 765 3505 eorum
785 3441 864 3525 fuga
881 3440 1041 3527 reliquum

64 3567 138 3609 esse
162 3545 341 3629 equitatum
365 3545 581 3627 perterritum.
