2430 4028
350 249 461 299 nmen
479 249 540 315 vu,
560 248 636 300 err.
655 251 748 300 s-u.
981 247 1040 313 177

60 445 246 509 voluntates
277 441 429 508 alienare.
474 442 590 526 Itaque
613 441 803 507 cohortatus
833 439 967 505 Aeduos
1002 439 1065 507 des

61 546 289 633 supportando
314 554 499 610 commeatu
521 546 703 630 praemittit
726 543 768 608 ad
785 545 898 625 Boios,
923 547 977 628 qui
1002 543 1043 608 de

60 674 121 718 suo
140 649 284 716 adventu
296 649 438 715 doceant
455 649 699 734 hortenturque,
713 657 748 713 ut
763 649 874 714 infide
889 658 1044 713 maneant

61 764 164 841 atque
192 753 336 819 hostium
369 754 527 839 impetum
555 775 674 837 magno
706 755 814 817 animo
850 757 1043 818 sustineant.

59 858 203 924 Duabus
219 857 382 941 Agedinci
403 855 588 940 legionibus
613 865 711 941 atque
734 857 974 941 impedimentis
997 866 1066 922 tos

59 964 127 1027 tius
150 963 313 1027 exercitus
336 959 456 1025 relictis
481 959 523 1024 ad
546 960 647 1025 Boios
670 959 897 1045 proficiscitur.

150 1067 200 1130 ll.
223 1063 339 1130 Altero
363 1062 415 1129 die
439 1085 513 1128 cum
535 1063 579 1128 ad
603 1063 761 1149 oppidum
785 1061 950 1128 Senonum
969 1063 1046 1128 Vel-

61 1167 288 1235 launodunum
312 1169 465 1248 venisset,
495 1190 536 1231 ne
566 1189 662 1253 quem
685 1176 761 1250 post
790 1189 824 1231 se
847 1164 975 1232 hostem
996 1191 1045 1232 re-

59 1272 237 1358 linqueret,
262 1293 326 1357 quo
357 1269 559 1356 expeditiore
591 1291 625 1334 re
655 1270 869 1335 frumentaria
890 1280 1045 1355 uteretur,

61 1396 256 1460 oppugnare
271 1375 412 1439 instituit
427 1373 525 1458 idque
537 1372 637 1438 biduo
655 1372 930 1455 circumvallavit3
949 1376 1067 1439 tertios

61 1479 116 1545 die
133 1479 242 1544 missis
265 1501 308 1543 ex
331 1476 452 1562 oppido
473 1475 591 1561 legatis
615 1477 655 1542 de
672 1476 838 1541 deditione
860 1499 954 1542 arma
969 1499 1045 1542 con-

60 1582 151 1666 ferri,
176 1585 323 1648 iumenta
338 1580 485 1665 produci,
503 1590 672 1646 sescentos
697 1579 828 1646 obsides
851 1581 921 1646 dari
944 1581 1043 1647 iubet.

61 1687 113 1752 Ea
138 1686 195 1770 qui
218 1684 407 1767 conficeret,
432 1683 468 1750 O.
492 1684 692 1750 Trebonium
715 1683 859 1769 legatum
880 1684 1067 1771 relinquite

61 1789 141 1876 Ipse
167 1787 335 1874 [utquam
359 1788 499 1872 primum
521 1789 585 1853 iter
605 1785 741 1875 faceret]
767 1787 941 1853 Genabum
964 1789 1067 1854 Car-r

63 1902 179 1958 nutum
202 1891 439 1978 proficiscitur3
474 1895 621 1978 quitum
644 1895 784 1977 primum
807 1892 907 1958 allato
932 1898 1045 1960 nuntio

62 1995 103 2061 de
140 1996 388 2081 oppugnatione
418 1994 671 2076 Vellaunoduni,
707 2019 781 2060 oum
808 1995 938 2079 longius
973 2020 1047 2064 eam

61 2121 131 2165 rem
165 2099 300 2164 ductum
333 2100 373 2164 iri
407 2100 651 2182 existimarent,
687 2100 887 2184 praesidium
917 2100 1046 2169 Genabi

60 2202 175 2269 tuendi
198 2225 311 2283 causa,
328 2202 417 2288 quod
440 2224 478 2268 eo
502 2205 677 2279 mitterent,
696 2204 946 2290 comparabant.
970 2205 1068 2271 Hucs

61 2304 164 2371 biduo
195 2307 355 2392 pervenit.
394 2303 522 2371 Castris
546 2315 622 2370 ante
646 2306 803 2391 oppidum
830 2309 957 2391 positis,
982 2309 1047 2375 diei

62 2418 213 2494 tempore
228 2407 382 2474 exclusus
405 2411 439 2474 in
458 2418 625 2493 posterum
642 2413 921 2495 oppugnationem
939 2411 1047 2477 differt

63 2533 214 2599 quaeque
243 2511 287 2576 ad
315 2533 389 2577 eam
419 2534 488 2576 rem
522 2514 596 2577 usui
626 2515 690 2576 sint
718 2512 877 2578 militibus
906 2516 1048 2600 imperat

62 2625 104 2699 et,
128 2613 219 2700 quod
250 2614 407 2701 oppidum
438 2613 612 2680 Geuabum
640 2637 724 2700 pons
754 2616 895 2681 fluminis
919 2618 1069 2702 Ligeriss

64 2716 267 2798 continebat,
284 2718 416 2799 veritus,
441 2740 481 2781 ue
496 2727 599 2783 noctu
622 2740 664 2782 ex
688 2718 809 2801 oppido
827 2720 1047 2804 profugerent,

64 2822 148 2888 duas
172 2821 319 2906 legiones
342 2823 376 2887 in
399 2823 498 2886 armis
521 2820 687 2886 excubare
709 2821 807 2886 iubet.
833 2821 1069 2890 Genabeusesr

66 2923 167 3010 paulo
184 2933 262 2990 ante
277 2924 420 2990 mediam
435 2934 565 2989 noctem
582 2923 709 2990 silentio
727 2947 770 2989 ex
786 2925 906 3010 oppido
924 2930 1048 3012 egressi

62 3026 186 3094 flumen
207 3031 346 3094 transire
370 3037 558 3113 coeperunt.
583 3027 714 3108 Quare
737 3051 796 3114 per
818 3029 1069 3114 exploratoress

62 3132 216 3197 nuntiata
239 3129 364 3198 Caesar
391 3131 552 3215 legiones,
587 3154 667 3216 quas
691 3132 864 3216 expeditas
888 3156 961 3198 esse
984 3135 1048 3199 ius·

63 3243 169 3316 serat,
203 3237 306 3320 portis
336 3235 480 3299 incensis
502 3235 690 3300 intromittit
719 3242 817 3318 atque
842 3236 963 3321 oppido
992 3258 1048 3321 po-

63 3340 144 3403 titur
165 3339 340 3424 perpaucis
364 3360 405 3402 ex
428 3337 572 3403 hostium
595 3359 731 3403 numero
749 3337 953 3420 desideratis,
971 3340 1049 3424 quin

63 3445 177 3509 cuncti
206 3450 413 3528 caperentur,
445 3442 534 3527 quod
558 3443 666 3527 pontis
697 3449 794 3526 atque
816 3441 969 3506 itinerum
993 3464 1049 3506 an-

63 3547 196 3631 gustiae
218 3543 437 3612 multitudinis
459 3545 572 3631 fugam
596 3544 856 3611 intercluserant.
882 3544 1070 3632 Oppidums

118 3680 206 3725 cusu.
219 3678 238 3726 1.
252 3678 274 3724 t.
289 3679 316 3726 θ.
861 3666 892 3717 12
