2430 4028
119 272 161 335 26
426 272 476 320 DE
494 271 616 321 BELLO
636 269 795 320 GALLICO

119 464 218 529 modo
242 460 445 546 reipublicae
468 459 576 523 facere
599 467 721 543 posset,
750 457 884 522 Aeduos
907 468 1105 545 ceterosque

120 570 244 633 amicos
277 562 391 649 populi
424 563 562 627 Romani
598 560 808 647 defenderet,
845 584 879 626 se
909 561 1103 627 Aeduorum

120 672 256 736 iniurias
280 691 347 733 non
370 666 603 751 neglecturum.

205 771 256 836 36.
272 771 327 835 Ad
346 768 428 834 haec
445 769 630 834 Ariovistus
647 769 834 853 respondit:
859 771 909 833 ius
925 791 998 833 esse
1012 767 1105 844 belli,

120 885 165 959 ut,
189 878 244 961 qui
266 876 432 956 vicissent,
455 875 505 955 iis,
530 890 611 958 quos
636 874 801 955 vicissent,
825 872 1105 957 quemadmodum

120 979 251 1055 vellent,
275 981 489 1063 imperarent:
516 979 594 1042 item
617 977 774 1062 populum
797 977 982 1040 Romanum
1004 977 1104 1040 victis

121 1106 187 1149 non
217 1082 261 1147 ad
289 1080 422 1146 alterius
452 1082 700 1164 praescriptum,
731 1079 788 1144 sed
819 1079 862 1144 ad
891 1102 985 1143 suum
1016 1078 1105 1143 arbi-

100 1189 218 1252 strium
241 1186 402 1270 imperare
425 1206 615 1249 consuesse.
654 1181 689 1247 Si
712 1185 783 1268 ipse
806 1183 928 1269 populo
951 1184 1105 1247 Romano

121 1313 187 1354 non
202 1287 457 1375 praescriberet,
474 1287 748 1372 quemadmodum
773 1310 832 1352 suo
855 1289 924 1352 iure
947 1294 1105 1366 uteretur,

121 1416 188 1457 non
212 1401 363 1478 oportere
398 1413 470 1456 sese
499 1412 519 1454 a
547 1389 668 1475 populo
703 1391 850 1455 Romano
880 1391 911 1453 in
943 1411 1001 1453 suo
1032 1390 1106 1454 iure

101 1496 282 1580 simpediri.
307 1494 440 1559 Aeduos
464 1494 535 1574 sibi,
554 1494 709 1578 quoniam
725 1492 801 1557 belli
818 1493 984 1557 fortunam
998 1500 1106 1577 temp·

123 1610 251 1665 tassent
281 1609 313 1663 et
343 1601 442 1664 armis
471 1600 641 1683 congressi
670 1619 710 1661 ao
735 1599 878 1683 superati
901 1607 1021 1671 essent,
1050 1598 1107 1661 sti-

101 1704 313 1788 spendiarios
336 1726 408 1767 esse
431 1704 548 1768 factos.
572 1703 729 1787 Magnam
752 1699 928 1766 Caesarem
951 1702 1107 1767 iniuriam

124 1809 243 1890 facere,
279 1808 334 1892 qui
370 1828 429 1871 suo
465 1805 609 1871 adventu
642 1804 818 1888 vectigalia
847 1804 908 1869 sibi
943 1804 1110 1870 deteriora

103 1914 258 1977 ssaeeret.
293 1911 418 1976 Aeduis
452 1933 486 1974 se
521 1909 654 1974 obsides
688 1909 891 1974 redditurum
925 1930 991 1972 non
1021 1930 1108 1985 esse,

125 2038 229 2101 neque
258 2015 299 2080 iis
329 2036 434 2099 neque
462 2036 574 2078 eorum
603 2015 701 2078 sociis
734 2014 851 2077 iniuria
878 2013 1001 2077 bellum
1036 2011 1108 2076 illa-

126 2129 243 2196 turum,
268 2119 294 2182 si
317 2120 351 2183 in
374 2126 608 2199 comanerent,
633 2117 721 2201 quod
745 2118 963 2198 convenisset,
986 2117 1109 2200 stipen-

126 2222 279 2308 diumque
307 2222 484 2307 quotannis
507 2220 703 2305 penderent3
735 2222 762 2285 si
789 2220 824 2284 id
845 2242 912 2284 non
941 2219 1110 2300 fecissent,

126 2324 223 2409 longe
246 2327 287 2388 iis
302 2325 483 2389 fraternum
506 2345 625 2388 nomen
641 2323 753 2408 populi
768 2324 909 2388 Romani
931 2323 1109 2388 afuturum.

104 2427 225 2508 cQuod
250 2427 312 2492 sibi
337 2426 460 2494 Caesar
479 2428 686 2492 denuntiaret
709 2450 744 2491 se
759 2427 948 2492 Aeduorum
971 2427 1110 2492 iniurias

126 2555 193 2596 non
215 2531 449 2615 neglecturum,
473 2533 635 2596 neminem
660 2552 770 2595 secum
795 2533 864 2595 sine
888 2553 948 2594 sua
963 2531 1110 2615 pernicie

106 2635 344 2699 acontendisse.
386 2633 470 2698 Cum
497 2633 604 2716 vellet,
629 2634 896 2718 congrederetur:
927 2632 1110 2698 intellectu-

126 2761 208 2818 rum,
224 2737 303 2824 quid
325 2738 438 2801 invicti
455 2735 622 2816 Germani,
650 2738 913 2801 exercitatissimi
937 2739 970 2800 in
995 2738 1108 2820 armis,

128 2843 182 2925 qui
204 2841 289 2905 inter
311 2862 415 2905 annos
444 2858 524 2903 x1111
547 2848 669 2905 tectum
692 2862 759 2904 non
790 2839 964 2913 subissent,
989 2841 1111 2904 virtute

128 2953 273 3028 possent.

121 3047 124 3051 ’
215 3045 266 3111 37.
291 3045 383 3110 Haec
406 3046 521 3110 eodem
544 3055 691 3129 tempore
719 3045 853 3112 Caesari
883 3045 1039 3110 mandata
1061 3069 1113 3111 re·

129 3151 328 3228 ferebantur,
352 3160 385 3214 et
408 3149 507 3233 legati
531 3149 574 3213 ab
590 3148 714 3213 Aeduis
738 3158 771 3213 et
793 3171 813 3213 a
832 3150 982 3214 Treveris
1005 3151 1114 3213 venie-

107 3255 226 3319 abant:
250 3253 358 3318 Aedui
382 3264 540 3338 questum,
568 3251 656 3338 quod
678 3252 842 3333 Harudes,
873 3254 927 3338 qui
950 3274 1054 3335 nuper
1077 3255 1112 3316 in

132 3355 276 3421 Galliam
299 3358 514 3441 transportati
539 3366 657 3436 essent,
680 3356 761 3419 fines
785 3377 896 3420 eorum
913 3353 1112 3439 popularen-

131 3469 199 3524 tur:
224 3482 296 3523 sese
318 3483 360 3525 ne
384 3460 553 3526 obsidibus
573 3460 703 3545 quidem
720 3458 806 3523 datis
822 3480 939 3544 pacem
953 3459 1113 3523 Ariovisti

109 3563 290 3628 aredimere
321 3564 485 3647 potuisse3
519 3563 653 3626 Treveri
681 3572 810 3644 autem,
847 3582 950 3645 pagos
979 3570 1113 3626 centum
