<?xml version="1.0" encoding="UTF-8"?>
<!DOCTYPE html PUBLIC "-//W3C//DTD XHTML 1.0 Transitional//EN"
    "http://www.w3.org/TR/xhtml1/DTD/xhtml1-transitional.dtd">
<html xmlns="http://www.w3.org/1999/xhtml" xml:lang="en" lang="en">
 <head>
  <title>
</title>
<meta http-equiv="Content-Type" content="text/html;charset=utf-8" />
  <meta name='ocr-system' content='tesseract 3.04.00' />
  <meta name='ocr-capabilities' content='ocr_page ocr_carea ocr_par ocr_line ocrx_word'/>
</head>
<body>
  <div class='ocr_page' id='page_1' title='image "./ciuliicaesarisc01hoffgoog_0016.png"; bbox 0 0 2430 4028; ppageno 0'>
   <div class='ocr_carea' id='block_1_1' title="bbox 415 285 1068 351">
    <p class='ocr_par' dir='ltr' id='par_1_1' title="bbox 415 285 1068 351">
     <span class='ocr_line' id='line_1_1' title="bbox 415 285 1068 351; baseline -0.002 -16"><span class='ocrx_word' id='word_1_1' title='bbox 415 285 528 336; x_wconf 81' lang='lat' dir='ltr'>urana</span> <span class='ocrx_word' id='word_1_2' title='bbox 545 286 566 351; x_wconf 90' lang='lat'>1,</span> <span class='ocrx_word' id='word_1_3' title='bbox 587 285 665 336; x_wconf 77' lang='lat' dir='ltr'>car.</span> <span class='ocrx_word' id='word_1_4' title='bbox 684 285 779 338; x_wconf 84' lang='lat' dir='ltr'>r-ro.</span> <span class='ocrx_word' id='word_1_5' title='bbox 1051 286 1068 349; x_wconf 78' lang='lat'>7</span> 
     </span>
    </p>
   </div>
   <div class='ocr_carea' id='block_1_2' title="bbox 90 473 1102 3663">
    <p class='ocr_par' dir='ltr' id='par_1_2' title="bbox 90 473 1096 1987">
     <span class='ocr_line' id='line_1_2' title="bbox 174 473 1067 561; baseline 0.002 -23"><span class='ocrx_word' id='word_1_6' title='bbox 174 473 205 538; x_wconf 83' lang='grc'>9.</span> <span class='ocrx_word' id='word_1_7' title='bbox 229 475 485 561; x_wconf 84' lang='lat' dir='ltr'>Relinquebatur</span> <span class='ocrx_word' id='word_1_8' title='bbox 515 498 581 541; x_wconf 91' lang='lat' dir='ltr'>una</span> <span class='ocrx_word' id='word_1_9' title='bbox 614 497 673 561; x_wconf 90' lang='lat' dir='ltr'>per</span> <span class='ocrx_word' id='word_1_10' title='bbox 702 474 873 561; x_wconf 84' lang='lat' dir='ltr'>Sequanos</span> <span class='ocrx_word' id='word_1_11' title='bbox 902 476 971 559; x_wconf 89' lang='lat' dir='ltr'>via,</span> <span class='ocrx_word' id='word_1_12' title='bbox 1003 498 1067 561; x_wconf 89' lang='lat' dir='ltr'>qua</span> 
     </span>
     <span class='ocr_line' id='line_1_3' title="bbox 91 576 1068 665; baseline 0.001 -23"><span class='ocrx_word' id='word_1_13' title='bbox 91 576 254 663; x_wconf 90' lang='lat' dir='ltr'>Sequanis</span> <span class='ocrx_word' id='word_1_14' title='bbox 277 580 387 643; x_wconf 90' lang='lat' dir='ltr'>invitis</span> <span class='ocrx_word' id='word_1_15' title='bbox 403 587 538 665; x_wconf 91' lang='lat' dir='ltr'>propter</span> <span class='ocrx_word' id='word_1_16' title='bbox 560 579 730 663; x_wconf 89' lang='lat' dir='ltr'>angustias</span> <span class='ocrx_word' id='word_1_17' title='bbox 754 578 800 642; x_wconf 91' lang='lat' dir='ltr'>ire</span> <span class='ocrx_word' id='word_1_18' title='bbox 822 599 888 642; x_wconf 94' lang='lat' dir='ltr'>non</span> <span class='ocrx_word' id='word_1_19' title='bbox 904 585 1068 662; x_wconf 89' lang='lat' dir='ltr'>poterant.</span> 
     </span>
     <span class='ocr_line' id='line_1_4' title="bbox 92 681 1092 766; baseline 0.003 -23"><span class='ocrx_word' id='word_1_20' title='bbox 92 681 152 744; x_wconf 92' lang='lat' dir='ltr'>His</span> <span class='ocrx_word' id='word_1_21' title='bbox 175 704 250 746; x_wconf 92' lang='lat' dir='ltr'>cum</span> <span class='ocrx_word' id='word_1_22' title='bbox 269 704 328 746; x_wconf 89' lang='lat' dir='ltr'>sua</span> <span class='ocrx_word' id='word_1_23' title='bbox 351 691 468 766; x_wconf 88' lang='lat' dir='ltr'>sponte</span> <span class='ocrx_word' id='word_1_24' title='bbox 483 681 681 766; x_wconf 90' lang='lat' dir='ltr'>persuadere</span> <span class='ocrx_word' id='word_1_25' title='bbox 696 703 763 745; x_wconf 92' lang='lat' dir='ltr'>non</span> <span class='ocrx_word' id='word_1_26' title='bbox 779 687 924 766; x_wconf 81' lang='lat' dir='ltr'>possent,</span> <span class='ocrx_word' id='word_1_27' title='bbox 942 681 1092 766; x_wconf 73' lang='lat' dir='ltr'>legatos2</span> 
     </span>
     <span class='ocr_line' id='line_1_5' title="bbox 91 782 1070 871; baseline 0 -23"><span class='ocrx_word' id='word_1_28' title='bbox 91 784 135 849; x_wconf 91' lang='lat' dir='ltr'>ad</span> <span class='ocrx_word' id='word_1_29' title='bbox 162 785 401 871; x_wconf 84' lang='lat' dir='ltr'>Dumnorigem</span> <span class='ocrx_word' id='word_1_30' title='bbox 430 785 581 851; x_wconf 89' lang='lat' dir='ltr'>Aeduum</span> <span class='ocrx_word' id='word_1_31' title='bbox 602 786 745 867; x_wconf 86' lang='lat' dir='ltr'>mittunt,</span> <span class='ocrx_word' id='word_1_32' title='bbox 779 793 815 850; x_wconf 93' lang='lat' dir='ltr'>ut</span> <span class='ocrx_word' id='word_1_33' title='bbox 849 807 887 849; x_wconf 93' lang='lat' dir='ltr'>eo</span> <span class='ocrx_word' id='word_1_34' title='bbox 917 782 1070 870; x_wconf 91' lang='lat' dir='ltr'>depreca-</span> 
     </span>
     <span class='ocr_line' id='line_1_6' title="bbox 90 886 1093 976; baseline 0.002 -25"><span class='ocrx_word' id='word_1_35' title='bbox 90 897 161 952; x_wconf 89' lang='lat' dir='ltr'>tore</span> <span class='ocrx_word' id='word_1_36' title='bbox 185 911 205 952; x_wconf 90' lang='lat' dir='ltr'>a</span> <span class='ocrx_word' id='word_1_37' title='bbox 228 886 389 976; x_wconf 88' lang='lat' dir='ltr'>Sequanis</span> <span class='ocrx_word' id='word_1_38' title='bbox 422 889 644 974; x_wconf 85' lang='lat' dir='ltr'>impetrarent.</span> <span class='ocrx_word' id='word_1_39' title='bbox 683 888 870 953; x_wconf 88' lang='lat' dir='ltr'>Dumnorix</span> <span class='ocrx_word' id='word_1_40' title='bbox 902 890 1009 972; x_wconf 89' lang='lat' dir='ltr'>gratia</span> <span class='ocrx_word' id='word_1_41' title='bbox 1040 898 1093 953; x_wconf 75' lang='lat' dir='ltr'>et³</span> 
     </span>
     <span class='ocr_line' id='line_1_7' title="bbox 91 991 1072 1078; baseline 0.002 -24"><span class='ocrx_word' id='word_1_42' title='bbox 91 991 268 1074; x_wconf 85' lang='lat' dir='ltr'>largitione</span> <span class='ocrx_word' id='word_1_43' title='bbox 290 992 378 1076; x_wconf 90' lang='lat' dir='ltr'>apud</span> <span class='ocrx_word' id='word_1_44' title='bbox 402 992 573 1077; x_wconf 84' lang='lat' dir='ltr'>Sequanos</span> <span class='ocrx_word' id='word_1_45' title='bbox 597 992 771 1078; x_wconf 90' lang='lat' dir='ltr'>plurimum</span> <span class='ocrx_word' id='word_1_46' title='bbox 794 1000 923 1076; x_wconf 90' lang='lat' dir='ltr'>poterat</span> <span class='ocrx_word' id='word_1_47' title='bbox 946 1001 978 1057; x_wconf 91' lang='lat' dir='ltr'>et</span> <span class='ocrx_word' id='word_1_48' title='bbox 994 991 1072 1056; x_wconf 91' lang='lat' dir='ltr'>Hel-</span> 
     </span>
     <span class='ocr_line' id='line_1_8' title="bbox 91 1095 1072 1182; baseline 0 -24"><span class='ocrx_word' id='word_1_49' title='bbox 91 1097 187 1160; x_wconf 88' lang='lat' dir='ltr'>vetiis</span> <span class='ocrx_word' id='word_1_50' title='bbox 212 1104 283 1161; x_wconf 89' lang='lat' dir='ltr'>erat</span> <span class='ocrx_word' id='word_1_51' title='bbox 305 1098 441 1179; x_wconf 89' lang='lat' dir='ltr'>amicus,</span> <span class='ocrx_word' id='word_1_52' title='bbox 471 1096 559 1182; x_wconf 91' lang='lat' dir='ltr'>quod</span> <span class='ocrx_word' id='word_1_53' title='bbox 582 1120 625 1161; x_wconf 87' lang='lat' dir='ltr'>ex</span> <span class='ocrx_word' id='word_1_54' title='bbox 648 1119 688 1161; x_wconf 89' lang='lat' dir='ltr'>ea</span> <span class='ocrx_word' id='word_1_55' title='bbox 711 1098 844 1161; x_wconf 86' lang='lat' dir='ltr'>civitate</span> <span class='ocrx_word' id='word_1_56' title='bbox 868 1095 1072 1181; x_wconf 83' lang='lat' dir='ltr'>Orgetorigis</span> 
     </span>
     <span class='ocr_line' id='line_1_9' title="bbox 91 1198 1073 1285; baseline 0.004 -24"><span class='ocrx_word' id='word_1_57' title='bbox 91 1198 191 1263; x_wconf 91' lang='lat' dir='ltr'>filiam</span> <span class='ocrx_word' id='word_1_58' title='bbox 214 1201 248 1263; x_wconf 91' lang='lat' dir='ltr'>in</span> <span class='ocrx_word' id='word_1_59' title='bbox 271 1201 515 1264; x_wconf 86' lang='lat' dir='ltr'>matrimonium</span> <span class='ocrx_word' id='word_1_60' title='bbox 537 1199 694 1283; x_wconf 85' lang='lat' dir='ltr'>duxerat,</span> <span class='ocrx_word' id='word_1_61' title='bbox 722 1207 754 1264; x_wconf 89' lang='lat' dir='ltr'>et</span> <span class='ocrx_word' id='word_1_62' title='bbox 777 1199 957 1285; x_wconf 90' lang='lat' dir='ltr'>cupiditate</span> <span class='ocrx_word' id='word_1_63' title='bbox 979 1202 1073 1283; x_wconf 88' lang='lat' dir='ltr'>regni</span> 
     </span>
     <span class='ocr_line' id='line_1_10' title="bbox 93 1300 1073 1389; baseline 0.002 -24"><span class='ocrx_word' id='word_1_64' title='bbox 93 1301 255 1366; x_wconf 88' lang='lat' dir='ltr'>adductus</span> <span class='ocrx_word' id='word_1_65' title='bbox 289 1303 384 1367; x_wconf 90' lang='lat' dir='ltr'>novis</span> <span class='ocrx_word' id='word_1_66' title='bbox 417 1300 516 1368; x_wconf 89' lang='lat' dir='ltr'>rebus</span> <span class='ocrx_word' id='word_1_67' title='bbox 540 1302 695 1368; x_wconf 89' lang='lat' dir='ltr'>studebat</span> <span class='ocrx_word' id='word_1_68' title='bbox 724 1312 757 1368; x_wconf 91' lang='lat' dir='ltr'>et</span> <span class='ocrx_word' id='word_1_69' title='bbox 786 1324 884 1388; x_wconf 88' lang='lat' dir='ltr'>quam</span> <span class='ocrx_word' id='word_1_70' title='bbox 913 1302 1073 1389; x_wconf 91' lang='lat' dir='ltr'>plurimas</span> 
     </span>
     <span class='ocr_line' id='line_1_11' title="bbox 92 1403 1072 1471; baseline 0.003 -3"><span class='ocrx_word' id='word_1_71' title='bbox 92 1406 242 1471; x_wconf 91' lang='lat' dir='ltr'>civitates</span> <span class='ocrx_word' id='word_1_72' title='bbox 277 1428 335 1470; x_wconf 89' lang='lat' dir='ltr'>suo</span> <span class='ocrx_word' id='word_1_73' title='bbox 368 1405 530 1471; x_wconf 89' lang='lat' dir='ltr'>beneficio</span> <span class='ocrx_word' id='word_1_74' title='bbox 563 1403 685 1471; x_wconf 89' lang='lat' dir='ltr'>habere</span> <span class='ocrx_word' id='word_1_75' title='bbox 717 1405 892 1471; x_wconf 89' lang='lat' dir='ltr'>obstrictas</span> <span class='ocrx_word' id='word_1_76' title='bbox 928 1405 1072 1471; x_wconf 89' lang='lat' dir='ltr'>volebat.</span> 
     </span>
     <span class='ocr_line' id='line_1_12' title="bbox 93 1507 1096 1595; baseline 0 -22"><span class='ocrx_word' id='word_1_77' title='bbox 93 1509 209 1595; x_wconf 90' lang='lat' dir='ltr'>Itaque</span> <span class='ocrx_word' id='word_1_78' title='bbox 231 1531 301 1574; x_wconf 90' lang='lat' dir='ltr'>rem</span> <span class='ocrx_word' id='word_1_79' title='bbox 325 1511 462 1594; x_wconf 85' lang='lat' dir='ltr'>suscipit</span> <span class='ocrx_word' id='word_1_80' title='bbox 485 1517 517 1574; x_wconf 93' lang='lat' dir='ltr'>et</span> <span class='ocrx_word' id='word_1_81' title='bbox 541 1532 561 1574; x_wconf 92' lang='lat' dir='ltr'>a</span> <span class='ocrx_word' id='word_1_82' title='bbox 584 1507 745 1595; x_wconf 89' lang='lat' dir='ltr'>Sequanis</span> <span class='ocrx_word' id='word_1_83' title='bbox 768 1511 933 1594; x_wconf 85' lang='lat' dir='ltr'>impetrat,</span> <span class='ocrx_word' id='word_1_84' title='bbox 957 1521 994 1576; x_wconf 92' lang='lat' dir='ltr'>ut</span> <span class='ocrx_word' id='word_1_85' title='bbox 1016 1520 1096 1595; x_wconf 76' lang='lat' dir='ltr'>per4</span> 
     </span>
     <span class='ocr_line' id='line_1_13' title="bbox 92 1612 1075 1699; baseline 0.001 -23"><span class='ocrx_word' id='word_1_86' title='bbox 92 1613 174 1678; x_wconf 90' lang='lat' dir='ltr'>fines</span> <span class='ocrx_word' id='word_1_87' title='bbox 199 1635 275 1678; x_wconf 92' lang='lat' dir='ltr'>suos</span> <span class='ocrx_word' id='word_1_88' title='bbox 299 1613 470 1679; x_wconf 91' lang='lat' dir='ltr'>Helvetios</span> <span class='ocrx_word' id='word_1_89' title='bbox 502 1613 550 1677; x_wconf 90' lang='lat' dir='ltr'>ire</span> <span class='ocrx_word' id='word_1_90' title='bbox 578 1614 760 1697; x_wconf 85' lang='lat' dir='ltr'>patiantur,</span> <span class='ocrx_word' id='word_1_91' title='bbox 796 1612 993 1699; x_wconf 89' lang='lat' dir='ltr'>obsidesque</span> <span class='ocrx_word' id='word_1_92' title='bbox 1026 1614 1075 1677; x_wconf 88' lang='lat' dir='ltr'>uti</span> 
     </span>
     <span class='ocr_line' id='line_1_14' title="bbox 94 1714 1075 1802; baseline 0 -22"><span class='ocrx_word' id='word_1_93' title='bbox 94 1718 179 1780; x_wconf 92' lang='lat' dir='ltr'>inter</span> <span class='ocrx_word' id='word_1_94' title='bbox 202 1739 274 1780; x_wconf 89' lang='lat' dir='ltr'>sese</span> <span class='ocrx_word' id='word_1_95' title='bbox 303 1715 396 1795; x_wconf 90' lang='lat' dir='ltr'>dent,</span> <span class='ocrx_word' id='word_1_96' title='bbox 426 1714 570 1800; x_wconf 75' lang='lat' dir='ltr'>perficit:</span> <span class='ocrx_word' id='word_1_97' title='bbox 606 1714 761 1802; x_wconf 85' lang='lat' dir='ltr'>Sequani,</span> <span class='ocrx_word' id='word_1_98' title='bbox 793 1739 835 1781; x_wconf 93' lang='lat' dir='ltr'>ne</span> <span class='ocrx_word' id='word_1_99' title='bbox 858 1719 973 1782; x_wconf 90' lang='lat' dir='ltr'>itinere</span> <span class='ocrx_word' id='word_1_100' title='bbox 996 1715 1075 1780; x_wconf 91' lang='lat' dir='ltr'>Hel-</span> 
     </span>
     <span class='ocr_line' id='line_1_15' title="bbox 95 1817 1072 1905; baseline 0.002 -22"><span class='ocrx_word' id='word_1_101' title='bbox 95 1821 199 1885; x_wconf 90' lang='lat' dir='ltr'>vetios</span> <span class='ocrx_word' id='word_1_102' title='bbox 222 1817 436 1905; x_wconf 81' lang='lat' dir='ltr'>prohibeant3</span> <span class='ocrx_word' id='word_1_103' title='bbox 459 1817 613 1901; x_wconf 89' lang='lat' dir='ltr'>Helvetii,</span> <span class='ocrx_word' id='word_1_104' title='bbox 637 1829 674 1884; x_wconf 93' lang='lat' dir='ltr'>ut</span> <span class='ocrx_word' id='word_1_105' title='bbox 696 1822 766 1884; x_wconf 89' lang='lat' dir='ltr'>sine</span> <span class='ocrx_word' id='word_1_106' title='bbox 785 1819 946 1886; x_wconf 90' lang='lat' dir='ltr'>maleficio</span> <span class='ocrx_word' id='word_1_107' title='bbox 971 1830 1003 1885; x_wconf 90' lang='lat' dir='ltr'>et</span> <span class='ocrx_word' id='word_1_108' title='bbox 1025 1820 1072 1885; x_wconf 93' lang='lat' dir='ltr'>in·</span> 
     </span>
     <span class='ocr_line' id='line_1_16' title="bbox 94 1925 381 1987; baseline -0.007 -1"><span class='ocrx_word' id='word_1_109' title='bbox 94 1925 178 1987; x_wconf 90' lang='lat' dir='ltr'>iuria</span> <span class='ocrx_word' id='word_1_110' title='bbox 201 1930 381 1987; x_wconf 87' lang='lat' dir='ltr'>transeant.</span> 
     </span>
    </p>

    <p class='ocr_par' dir='ltr' id='par_1_3' title="bbox 94 2023 1102 3663">
     <span class='ocr_line' id='line_1_17' title="bbox 110 2023 1074 2093; baseline 0.002 -5"><span class='ocrx_word' id='word_1_111' title='bbox 110 2069 113 2074; x_wconf 93' lang='lat'>-</span> <span class='ocrx_word' id='word_1_112' title='bbox 185 2026 233 2090; x_wconf 82' lang='lat'>10.</span> <span class='ocrx_word' id='word_1_113' title='bbox 258 2023 393 2090; x_wconf 77' lang='lat' dir='ltr'>Caesari</span> <span class='ocrx_word' id='word_1_114' title='bbox 416 2027 621 2090; x_wconf 89' lang='lat' dir='ltr'>renuntiatur</span> <span class='ocrx_word' id='word_1_115' title='bbox 637 2024 800 2092; x_wconf 90' lang='lat' dir='ltr'>Helvetiis</span> <span class='ocrx_word' id='word_1_116' title='bbox 816 2050 889 2092; x_wconf 90' lang='lat' dir='ltr'>esse</span> <span class='ocrx_word' id='word_1_117' title='bbox 912 2028 946 2093; x_wconf 94' lang='lat' dir='ltr'>in</span> <span class='ocrx_word' id='word_1_118' title='bbox 964 2027 1074 2091; x_wconf 90' lang='lat' dir='ltr'>animo</span> 
     </span>
     <span class='ocr_line' id='line_1_18' title="bbox 95 2128 1076 2216; baseline -0.002 -22"><span class='ocrx_word' id='word_1_119' title='bbox 95 2152 290 2216; x_wconf 80' lang='lat' dir='ltr'>peregrum</span> <span class='ocrx_word' id='word_1_120' title='bbox 319 2128 545 2215; x_wconf 86' lang='lat' dir='ltr'>Sequanorum</span> <span class='ocrx_word' id='word_1_121' title='bbox 573 2139 606 2195; x_wconf 91' lang='lat' dir='ltr'>et</span> <span class='ocrx_word' id='word_1_122' title='bbox 624 2129 823 2195; x_wconf 86' lang='lat' dir='ltr'>¹Aeduorum</span> <span class='ocrx_word' id='word_1_123' title='bbox 850 2132 913 2196; x_wconf 90' lang='lat' dir='ltr'>iter</span> <span class='ocrx_word' id='word_1_124' title='bbox 940 2132 974 2194; x_wconf 93' lang='lat' dir='ltr'>in</span> <span class='ocrx_word' id='word_1_125' title='bbox 997 2128 1076 2193; x_wconf 88' lang='lat' dir='ltr'>San·</span> 
     </span>
     <span class='ocr_line' id='line_1_19' title="bbox 95 2233 1077 2321; baseline -0.003 -22"><span class='ocrx_word' id='word_1_126' title='bbox 95 2244 208 2299; x_wconf 92' lang='lat' dir='ltr'>tonum</span> <span class='ocrx_word' id='word_1_127' title='bbox 237 2234 320 2298; x_wconf 89' lang='lat' dir='ltr'>fines</span> <span class='ocrx_word' id='word_1_128' title='bbox 349 2233 472 2315; x_wconf 86' lang='lat' dir='ltr'>facere,</span> <span class='ocrx_word' id='word_1_129' title='bbox 508 2235 563 2321; x_wconf 91' lang='lat' dir='ltr'>qui</span> <span class='ocrx_word' id='word_1_130' title='bbox 596 2256 663 2299; x_wconf 91' lang='lat' dir='ltr'>nou</span> <span class='ocrx_word' id='word_1_131' title='bbox 696 2233 793 2319; x_wconf 88' lang='lat' dir='ltr'>longe</span> <span class='ocrx_word' id='word_1_132' title='bbox 822 2257 843 2300; x_wconf 98' lang='lat' dir='ltr'>a</span> <span class='ocrx_word' id='word_1_133' title='bbox 871 2233 1077 2299; x_wconf 85' lang='lat' dir='ltr'>Tolosatium</span> 
     </span>
     <span class='ocr_line' id='line_1_20' title="bbox 95 2336 1099 2422; baseline -0.002 -20"><span class='ocrx_word' id='word_1_134' title='bbox 95 2337 217 2402; x_wconf 90' lang='lat' dir='ltr'>finibus</span> <span class='ocrx_word' id='word_1_135' title='bbox 241 2336 371 2418; x_wconf 89' lang='lat' dir='ltr'>absunt,</span> <span class='ocrx_word' id='word_1_136' title='bbox 396 2358 481 2422; x_wconf 90' lang='lat' dir='ltr'>quac</span> <span class='ocrx_word' id='word_1_137' title='bbox 504 2340 623 2403; x_wconf 87' lang='lat' dir='ltr'>civitas</span> <span class='ocrx_word' id='word_1_138' title='bbox 646 2347 696 2402; x_wconf 90' lang='lat' dir='ltr'>est</span> <span class='ocrx_word' id='word_1_139' title='bbox 719 2339 753 2403; x_wconf 92' lang='lat' dir='ltr'>in</span> <span class='ocrx_word' id='word_1_140' title='bbox 776 2339 957 2422; x_wconf 89' lang='lat' dir='ltr'>provincia.</span> <span class='ocrx_word' id='word_1_141' title='bbox 987 2337 1026 2402; x_wconf 95' lang='lat' dir='ltr'>Id</span> <span class='ocrx_word' id='word_1_142' title='bbox 1049 2338 1099 2401; x_wconf 80' lang='lat' dir='ltr'>sia</span> 
     </span>
     <span class='ocr_line' id='line_1_21' title="bbox 94 2440 1077 2528; baseline -0.002 -22"><span class='ocrx_word' id='word_1_143' title='bbox 94 2443 197 2524; x_wconf 88' lang='lat' dir='ltr'>fieret,</span> <span class='ocrx_word' id='word_1_144' title='bbox 220 2442 434 2528; x_wconf 84' lang='lat' dir='ltr'>intellegebat</span> <span class='ocrx_word' id='word_1_145' title='bbox 465 2462 584 2524; x_wconf 90' lang='lat' dir='ltr'>magno</span> <span class='ocrx_word' id='word_1_146' title='bbox 609 2463 683 2505; x_wconf 92' lang='lat' dir='ltr'>cum</span> <span class='ocrx_word' id='word_1_147' title='bbox 711 2440 856 2525; x_wconf 91' lang='lat' dir='ltr'>periculo</span> <span class='ocrx_word' id='word_1_148' title='bbox 886 2440 1077 2526; x_wconf 90' lang='lat' dir='ltr'>provinciae</span> 
     </span>
     <span class='ocr_line' id='line_1_22' title="bbox 96 2543 1078 2629; baseline -0.002 -20"><span class='ocrx_word' id='word_1_149' title='bbox 96 2546 249 2629; x_wconf 88' lang='lat' dir='ltr'>futurum,</span> <span class='ocrx_word' id='word_1_150' title='bbox 274 2555 310 2610; x_wconf 92' lang='lat' dir='ltr'>ut</span> <span class='ocrx_word' id='word_1_151' title='bbox 333 2545 481 2610; x_wconf 90' lang='lat' dir='ltr'>homines</span> <span class='ocrx_word' id='word_1_152' title='bbox 503 2543 693 2626; x_wconf 89' lang='lat' dir='ltr'>bellicosos,</span> <span class='ocrx_word' id='word_1_153' title='bbox 722 2544 836 2629; x_wconf 92' lang='lat' dir='ltr'>populi</span> <span class='ocrx_word' id='word_1_154' title='bbox 858 2545 998 2609; x_wconf 91' lang='lat' dir='ltr'>Romani</span> <span class='ocrx_word' id='word_1_155' title='bbox 1020 2545 1078 2617; x_wconf 88' lang='lat' dir='ltr'>ini·</span> 
     </span>
     <span class='ocr_line' id='line_1_23' title="bbox 96 2646 1077 2734; baseline -0.001 -23"><span class='ocrx_word' id='word_1_156' title='bbox 96 2649 208 2727; x_wconf 88' lang='lat' dir='ltr'>micos,</span> <span class='ocrx_word' id='word_1_157' title='bbox 233 2648 314 2714; x_wconf 89' lang='lat' dir='ltr'>locis</span> <span class='ocrx_word' id='word_1_158' title='bbox 330 2647 518 2734; x_wconf 88' lang='lat' dir='ltr'>patentibus</span> <span class='ocrx_word' id='word_1_159' title='bbox 534 2649 741 2733; x_wconf 84' lang='lat' dir='ltr'>maximeque</span> <span class='ocrx_word' id='word_1_160' title='bbox 764 2647 984 2712; x_wconf 83' lang='lat' dir='ltr'>frumentariis</span> <span class='ocrx_word' id='word_1_161' title='bbox 1006 2646 1077 2710; x_wconf 91' lang='lat' dir='ltr'>fini-</span> 
     </span>
     <span class='ocr_line' id='line_1_24' title="bbox 96 2750 1099 2834; baseline -0.005 -18"><span class='ocrx_word' id='word_1_162' title='bbox 96 2755 194 2816; x_wconf 89' lang='lat' dir='ltr'>timos</span> <span class='ocrx_word' id='word_1_163' title='bbox 217 2752 363 2818; x_wconf 90' lang='lat' dir='ltr'>haberet.</span> <span class='ocrx_word' id='word_1_164' title='bbox 411 2750 463 2817; x_wconf 90' lang='lat' dir='ltr'>Ob</span> <span class='ocrx_word' id='word_1_165' title='bbox 488 2774 544 2817; x_wconf 92' lang='lat' dir='ltr'>eas</span> <span class='ocrx_word' id='word_1_166' title='bbox 568 2773 687 2815; x_wconf 81' lang='lat' dir='ltr'>causas</span> <span class='ocrx_word' id='word_1_167' title='bbox 711 2752 741 2815; x_wconf 93' lang='lat' dir='ltr'>ei</span> <span class='ocrx_word' id='word_1_168' title='bbox 764 2751 945 2832; x_wconf 88' lang='lat' dir='ltr'>munitioni,</span> <span class='ocrx_word' id='word_1_169' title='bbox 980 2770 1099 2834; x_wconf 83' lang='lat' dir='ltr'>quama</span> 
     </span>
     <span class='ocr_line' id='line_1_25' title="bbox 96 2853 1079 2938; baseline -0.003 -19"><span class='ocrx_word' id='word_1_170' title='bbox 96 2856 235 2938; x_wconf 89' lang='lat' dir='ltr'>fecerat,</span> <span class='ocrx_word' id='word_1_171' title='bbox 271 2856 310 2920; x_wconf 84' lang='lat' dir='ltr'>T.</span> <span class='ocrx_word' id='word_1_172' title='bbox 340 2855 525 2920; x_wconf 88' lang='lat' dir='ltr'>Labienum</span> <span class='ocrx_word' id='word_1_173' title='bbox 558 2853 702 2938; x_wconf 90' lang='lat' dir='ltr'>legatum</span> <span class='ocrx_word' id='word_1_174' title='bbox 737 2853 911 2938; x_wconf 85' lang='lat' dir='ltr'>praefecit;</span> <span class='ocrx_word' id='word_1_175' title='bbox 945 2855 1016 2937; x_wconf 89' lang='lat' dir='ltr'>ipse</span> <span class='ocrx_word' id='word_1_176' title='bbox 1045 2853 1079 2916; x_wconf 94' lang='lat' dir='ltr'>in</span> 
     </span>
     <span class='ocr_line' id='line_1_26' title="bbox 97 2954 1078 3042; baseline -0.002 -21"><span class='ocrx_word' id='word_1_177' title='bbox 97 2958 228 3023; x_wconf 88' lang='lat' dir='ltr'>ltaliam</span> <span class='ocrx_word' id='word_1_178' title='bbox 261 2960 389 3042; x_wconf 89' lang='lat' dir='ltr'>magnis</span> <span class='ocrx_word' id='word_1_179' title='bbox 432 2958 604 3023; x_wconf 88' lang='lat' dir='ltr'>itineribus</span> <span class='ocrx_word' id='word_1_180' title='bbox 644 2956 813 3022; x_wconf 86' lang='lat' dir='ltr'>contendit</span> <span class='ocrx_word' id='word_1_181' title='bbox 852 2957 999 3042; x_wconf 89' lang='lat' dir='ltr'>duasque</span> <span class='ocrx_word' id='word_1_182' title='bbox 1032 2954 1078 3020; x_wconf 92' lang='lat' dir='ltr'>ibi</span> 
     </span>
     <span class='ocr_line' id='line_1_27' title="bbox 98 3057 1079 3147; baseline -0.003 -21"><span class='ocrx_word' id='word_1_183' title='bbox 98 3062 245 3147; x_wconf 86' lang='lat' dir='ltr'>legiones</span> <span class='ocrx_word' id='word_1_184' title='bbox 274 3061 452 3127; x_wconf 90' lang='lat' dir='ltr'>conscribit</span> <span class='ocrx_word' id='word_1_185' title='bbox 480 3071 513 3126; x_wconf 91' lang='lat' dir='ltr'>et</span> <span class='ocrx_word' id='word_1_186' title='bbox 534 3071 618 3139; x_wconf 89' lang='lat' dir='ltr'>tres,</span> <span class='ocrx_word' id='word_1_187' title='bbox 642 3082 725 3147; x_wconf 88' lang='lat' dir='ltr'>quae</span> <span class='ocrx_word' id='word_1_188' title='bbox 748 3060 871 3125; x_wconf 92' lang='lat' dir='ltr'>circum</span> <span class='ocrx_word' id='word_1_189' title='bbox 893 3057 1079 3143; x_wconf 87' lang='lat' dir='ltr'>Aquileiam</span> 
     </span>
     <span class='ocr_line' id='line_1_28' title="bbox 97 3163 1080 3248; baseline -0.005 -18"><span class='ocrx_word' id='word_1_190' title='bbox 97 3166 296 3248; x_wconf 88' lang='lat' dir='ltr'>hiemabant,</span> <span class='ocrx_word' id='word_1_191' title='bbox 320 3188 362 3229; x_wconf 89' lang='lat' dir='ltr'>ex</span> <span class='ocrx_word' id='word_1_192' title='bbox 378 3163 522 3231; x_wconf 91' lang='lat' dir='ltr'>hibernis</span> <span class='ocrx_word' id='word_1_193' title='bbox 538 3163 647 3229; x_wconf 87' lang='lat' dir='ltr'>educit</span> <span class='ocrx_word' id='word_1_194' title='bbox 669 3173 711 3246; x_wconf 89' lang='lat' dir='ltr'>et,</span> <span class='ocrx_word' id='word_1_195' title='bbox 727 3184 793 3247; x_wconf 90' lang='lat' dir='ltr'>qua</span> <span class='ocrx_word' id='word_1_196' title='bbox 811 3165 996 3247; x_wconf 87' lang='lat' dir='ltr'>proximum</span> <span class='ocrx_word' id='word_1_197' title='bbox 1019 3163 1080 3225; x_wconf 91' lang='lat' dir='ltr'>iter</span> 
     </span>
     <span class='ocr_line' id='line_1_29' title="bbox 98 3263 1081 3352; baseline -0.007 -18"><span class='ocrx_word' id='word_1_198' title='bbox 98 3272 131 3334; x_wconf 92' lang='lat' dir='ltr'>in</span> <span class='ocrx_word' id='word_1_199' title='bbox 165 3269 351 3334; x_wconf 87' lang='lat' dir='ltr'>ulteriorem</span> <span class='ocrx_word' id='word_1_200' title='bbox 386 3267 530 3332; x_wconf 83' lang='lat' dir='ltr'>Galliam</span> <span class='ocrx_word' id='word_1_201' title='bbox 564 3289 622 3352; x_wconf 92' lang='lat' dir='ltr'>per</span> <span class='ocrx_word' id='word_1_202' title='bbox 656 3264 760 3350; x_wconf 87' lang='lat' dir='ltr'>Alpes</span> <span class='ocrx_word' id='word_1_203' title='bbox 794 3276 886 3345; x_wconf 84' lang='lat' dir='ltr'>erat,</span> <span class='ocrx_word' id='word_1_204' title='bbox 920 3286 995 3328; x_wconf 92' lang='lat' dir='ltr'>cum</span> <span class='ocrx_word' id='word_1_205' title='bbox 1028 3263 1081 3327; x_wconf 93' lang='lat' dir='ltr'>his</span> 
     </span>
     <span class='ocr_line' id='line_1_30' title="bbox 100 3368 1102 3459; baseline -0.008 -23"><span class='ocrx_word' id='word_1_206' title='bbox 100 3374 243 3459; x_wconf 89' lang='lat' dir='ltr'>quinque</span> <span class='ocrx_word' id='word_1_207' title='bbox 268 3370 450 3455; x_wconf 88' lang='lat' dir='ltr'>legionibus</span> <span class='ocrx_word' id='word_1_208' title='bbox 473 3372 520 3436; x_wconf 91' lang='lat' dir='ltr'>ire</span> <span class='ocrx_word' id='word_1_209' title='bbox 544 3369 724 3434; x_wconf 90' lang='lat' dir='ltr'>contendit.</span> <span class='ocrx_word' id='word_1_210' title='bbox 769 3368 821 3433; x_wconf 90' lang='lat' dir='ltr'>lbi</span> <span class='ocrx_word' id='word_1_211' title='bbox 844 3368 1024 3434; x_wconf 84' lang='lat' dir='ltr'>Ceutrones</span> <span class='ocrx_word' id='word_1_212' title='bbox 1047 3376 1102 3431; x_wconf 75' lang='lat' dir='ltr'>etr</span> 
     </span>
     <span class='ocr_line' id='line_1_31' title="bbox 100 3470 1079 3560; baseline -0.009 -18"><span class='ocrx_word' id='word_1_213' title='bbox 100 3476 266 3542; x_wconf 81' lang='lat' dir='ltr'>Graioceli</span> <span class='ocrx_word' id='word_1_214' title='bbox 294 3486 326 3542; x_wconf 92' lang='lat' dir='ltr'>et</span> <span class='ocrx_word' id='word_1_215' title='bbox 350 3474 522 3560; x_wconf 79' lang='lat' dir='ltr'>Caturiges</span> <span class='ocrx_word' id='word_1_216' title='bbox 550 3472 632 3538; x_wconf 92' lang='lat' dir='ltr'>locis</span> <span class='ocrx_word' id='word_1_217' title='bbox 657 3470 880 3558; x_wconf 89' lang='lat' dir='ltr'>superioribus</span> <span class='ocrx_word' id='word_1_218' title='bbox 909 3471 1079 3555; x_wconf 89' lang='lat' dir='ltr'>occupatis</span> 
     </span>
     <span class='ocr_line' id='line_1_32' title="bbox 98 3572 1102 3663; baseline -0.009 -18"><span class='ocrx_word' id='word_1_219' title='bbox 98 3582 215 3646; x_wconf 91' lang='lat' dir='ltr'>itinere</span> <span class='ocrx_word' id='word_1_220' title='bbox 238 3581 419 3647; x_wconf 87' lang='lat' dir='ltr'>exercitum</span> <span class='ocrx_word' id='word_1_221' title='bbox 441 3576 616 3663; x_wconf 90' lang='lat' dir='ltr'>probibere</span> <span class='ocrx_word' id='word_1_222' title='bbox 639 3584 810 3640; x_wconf 81' lang='lat' dir='ltr'>conantur.</span> <span class='ocrx_word' id='word_1_223' title='bbox 848 3572 1102 3659; x_wconf 77' lang='lat' dir='ltr'>Compluribuso</span> 
     </span>
    </p>
   </div>
   <div class='ocr_carea' id='block_1_3' title="bbox 0 0 1229 4028">
    <p class='ocr_par' dir='ltr' id='par_1_4' title="bbox 0 0 1229 4028">
     <span class='ocr_line' id='line_1_33' title="bbox 0 0 1229 4028; baseline 0 0"><span class='ocrx_word' id='word_1_224' title='bbox 0 0 1229 4028; x_wconf 95' lang='lat' dir='ltr'> </span> 
     </span>
    </p>
   </div>
  </div>
 </body>
</html>
