2430 4028
328 256 440 327 LIBER
457 256 532 319 VIII,
559 255 635 306 CAP.
656 256 764 306 10-14.
976 254 1039 318 239

61 449 279 515 excusatione
313 449 346 512 in
381 447 591 532 suscipienda
624 445 832 532 praefectura
864 468 943 512 usus
972 455 1043 510 erat

58 573 167 637 neque
201 550 350 617 dimicari
380 552 449 616 sine
478 573 513 615 se
542 550 702 615 voluerat.
754 551 915 616 Inflantur
943 560 1063 637 atques

59 657 238 722 incitantur
259 654 404 722 hostium
427 655 526 719 animi
551 653 694 718 secundo
719 653 862 739 proelio,
893 657 1041 740 principe

60 769 93 825 et
121 760 289 845 praefecto
312 759 487 824 Remorum
520 758 708 831 interfecto,
743 759 911 844 nostrique
944 758 1063 824 detrir

60 872 171 928 mento
195 862 411 928 admonentur
436 863 622 948 diligentius
654 861 834 948 exploratis
863 862 945 927 locis
974 872 1037 927 sta-

59 970 167 1034 tiones
203 966 376 1053 disponere
411 989 450 1031 ac
483 967 685 1031 moderatius
713 965 883 1031 cedentem
914 968 1041 1052 insequi

59 1071 200 1136 hostem.

150 1172 200 1237 13.
233 1172 308 1237 Non
342 1173 511 1238 intermitti
547 1174 678 1237 interim
712 1172 878 1238 cotidiana
915 1172 1043 1257 proelia

60 1281 94 1343 in
118 1286 299 1363 conspectu
321 1288 533 1363 utrorumque
557 1286 756 1361 castrorum,
781 1299 865 1362 quae
888 1277 933 1343 ad
954 1276 1042 1341 vada

60 1383 284 1466 transitusque
306 1380 431 1445 fiebant
453 1380 592 1459 paludis.
630 1380 704 1460 Qua
728 1382 937 1446 contentione
961 1379 1065 1444 Ger-r

61 1487 161 1567 mani,
186 1506 268 1570 quos
291 1495 466 1571 propterea
485 1484 609 1550 Caesar
632 1485 866 1550 transduxerat
881 1485 1041 1566 Rhenum,

63 1599 99 1655 nt
122 1588 288 1676 equitibus
311 1591 497 1674 interpositi
519 1587 766 1675 proeliarentur,
797 1609 871 1653 cum
894 1597 1044 1653 constan-

61 1695 126 1758 tius
151 1693 294 1757 universi
310 1692 467 1777 paludem
490 1693 684 1757 transissent
700 1693 880 1777 paucisque
895 1694 1045 1758 resisten-

63 1795 154 1863 tibus
182 1795 361 1860 interfectis
384 1797 584 1881 pertinacius
613 1794 770 1881 reliquam
804 1794 1045 1860 multitudinem

62 1908 175 1965 essent
198 1900 346 1979 insecuti,
363 1899 527 1983 perterriti
550 1920 614 1962 non
640 1898 745 1963 solum
768 1900 800 1981 ii,
818 1900 873 1983 qui
889 1908 945 1962 aut
960 1921 1046 1964 com·

63 2005 173 2071 minus
199 2002 469 2088 opprimebantur
492 2012 549 2067 aut
563 2003 689 2067 eminus
705 2001 970 2077 vulnerabantur,
988 2001 1045 2065 sed

63 2109 176 2189 etiam,
202 2107 255 2192 qui
278 2106 409 2190 longius
433 2106 609 2171 subsidiari
634 2116 883 2188 consueverant,
908 2106 1046 2189 turpiter

62 2212 272 2295 refugerunt,
305 2231 365 2273 nec
390 2211 479 2294 prius
500 2208 605 2292 ifinem
634 2209 732 2292 fugae
764 2207 912 2273 fecerunt
946 2229 1067 2293 saepes

67 2315 200 2382 amissis
236 2312 459 2399 superioribus
487 2313 589 2392 locis,
618 2336 692 2377 cum
721 2335 756 2377 se
784 2320 841 2378 aut
869 2315 902 2376 in
936 2320 1046 2377 castra

63 2440 199 2485 suorum
219 2417 412 2502 reciperent,
436 2427 494 2482 aut
515 2415 663 2481 nonnulli
690 2415 816 2501 pudore
845 2416 954 2481 coacti
976 2415 1046 2480 lon-

65 2524 140 2608 gius
158 2522 378 2606 profugerent.
396 2520 544 2601 Quorum
566 2519 712 2606 periculo
730 2521 777 2584 sic
802 2542 914 2585 omnes
930 2519 1069 2603 copiaco

64 2634 144 2693 sunt
167 2624 390 2710 perturbatae,
415 2634 451 2690 ut
472 2627 531 2689 vix
552 2624 693 2689 iudicari
714 2632 837 2708 posset,
867 2632 975 2688 utrum
999 2645 1045 2686 se-

63 2729 182 2794 cundis
204 2730 411 2815 minimisque
444 2729 542 2793 rebus
565 2727 811 2811 insolentiores,
841 2749 883 2791 an
907 2726 1046 2792 adverso

63 2832 224 2899 mediocri
247 2854 327 2897 casu
350 2832 531 2898 timidiores
555 2841 674 2897 essent.

154 2933 202 2999 14.
229 2933 458 3020 Compluribus
483 2933 598 3001 diebus
620 2933 737 3000 iisdem
770 2936 944 3001 incastris
967 2957 1046 3000 con·

65 3039 218 3126 sumptis,
241 3059 314 3103 cum
337 3041 472 3124 propius
496 3042 677 3104 accessisse
699 3039 846 3122 legiones
870 3048 902 3103 et
926 3039 1046 3105 Gaium

63 3141 266 3209 Trebonium
281 3141 426 3226 legatum
449 3153 658 3227 cognossent,
675 3144 775 3208 duces
794 3141 1046 3207 Bellovacorum

62 3248 162 3314 veriti
185 3245 324 3310 similem
347 3245 574 3312 obsessionem
597 3247 730 3312 Alesiae
754 3255 855 3312 noctu
879 3245 1047 3311 dimittunt

64 3375 133 3436 eos,
159 3374 241 3436 quos
266 3359 322 3416 aut
344 3359 452 3416 aetate
475 3361 532 3417 aut
546 3351 671 3417 viribus
694 3349 865 3416 inferiores
882 3356 939 3414 aut
961 3350 1045 3415 iner-

63 3480 135 3523 mes
159 3453 336 3539 habebant,
366 3477 496 3540 unaque
525 3456 651 3543 reliqua
677 3455 920 3542 impedimenta.
959 3451 1068 3534 Quo-a

38 3552 40 3558 ’
63 3583 137 3627 rum
153 3558 381 3646 perturbatum
397 3569 430 3624 et
445 3559 617 3625 confusum
641 3558 717 3626 dum
740 3557 908 3646 explicant
927 3579 1045 3644 agmen
