2430 4028
121 253 184 319 160
424 253 475 303 na
492 251 613 302 anino
632 250 791 302 oannreo

120 446 165 510 ad
197 443 319 510 bellum
352 444 555 530 Ambiorigis
589 444 756 530 profectus
792 464 853 530 per
885 440 1099 508 Arduennam

121 549 253 630 silvam,
289 569 374 633 qnae
401 556 452 612 est
478 548 580 612 totius
604 545 733 612 Galliae
761 546 909 611 maxima
935 554 1039 631 atque
1059 544 1099 610 ab

120 653 201 737 ripis
223 650 330 717 Rheni
352 650 538 737 finibusque
560 651 779 716 Treverorum
800 649 845 715 ad
864 649 1008 715 Nervios
1031 672 1100 737 per·

120 758 203 820 tinet
224 754 420 840 milibusque
444 754 584 841 amplius
600 755 786 839 quingentis
808 756 842 818 in
864 752 1101 839 longitudinem

121 867 222 942 patet,
251 858 391 923 Lucium
418 857 597 923 Minucium
624 857 772 922 Basilum
801 879 875 922 cnm
901 860 993 923 omni
1019 861 1102 945 equi·

120 971 192 1026 tatu
215 965 406 1048 praemittit,
434 964 461 1026 si
485 962 562 1049 quid
587 962 754 1026 celeritate
775 962 902 1026 itineris
923 970 1027 1048 atque
1049 983 1101 1047 op

99 1067 321 1150 oportunitate
354 1067 513 1150 temporis
549 1065 708 1149 proficere
737 1072 872 1150 posset3
901 1074 1037 1146 monet,
1068 1074 1102 1129 nt

120 1171 214 1251 ignes
242 1171 276 1232 in
305 1169 422 1232 castris
453 1168 524 1233 fieri
552 1167 741 1255 probibeat,
777 1189 820 1232 ne
850 1189 918 1253 qua
950 1169 1025 1233 eins
1048 1167 1101 1232 ad·

121 1280 236 1337 ventus
258 1271 375 1356 procul
404 1270 601 1355 significatio
624 1271 699 1354 fiat3
734 1292 806 1336 sese
828 1270 1005 1337 confestim
1029 1269 1100 1335 snb

123 1376 215 1460 sequi
238 1373 327 1438 dicit.

206 1477 258 1542 30.
280 1478 431 1554 Basilus,
452 1488 490 1542 ut
511 1480 706 1564 imperatum
729 1486 789 1550 est,
812 1478 906 1544 facit.
944 1475 1101 1543 Celeriter

122 1589 301 1666 contraque
317 1583 460 1645 omnium
476 1584 662 1666 opinionem
680 1582 831 1646 confecto
847 1581 966 1647 itinere
980 1581 1098 1647 multos

121 1687 154 1749 in
177 1687 266 1769 agris
289 1688 499 1772 inopinantes
522 1685 753 1772 deprehendit,
776 1708 889 1753 eorum
912 1685 1039 1752 indicio
1059 1684 1097 1751 al

121 1791 229 1874 ipsum
245 1788 470 1875 Ambiorigem
484 1789 663 1872 contendit,
688 1812 753 1876 quo
776 1792 811 1854 in
824 1788 901 1856 loco
924 1810 1003 1856 cum
1024 1812 1099 1877 pau·

100 1893 170 1957 scis
193 1891 358 1977 equitibus
379 1914 453 1958 esse
470 1892 650 1958 dicebatur.
678 1893 817 1959 Multum
840 1895 974 1958 cumin
1000 1894 1098 1959 omni·

121 1993 184 2059 bus
206 1995 304 2060 rebus
326 2005 395 2061 tum
419 1999 453 2061 in
475 2019 510 2062 re
534 1997 667 2062 militari
691 2005 801 2083 potest
829 1997 975 2062 fortuna.
1018 1997 1099 2063 Nam

122 2101 207 2162 sicut
235 2122 354 2184 magno
384 2101 506 2165 accidit
534 2123 632 2184 cusu,
668 2110 704 2165 ut
734 2103 769 2165 in
796 2101 906 2187 ipsum
933 2101 1099 2166 incautum

122 2204 222 2266 etiam
244 2212 344 2288 atque
367 2205 565 2290 imparatum
580 2205 749 2286 incideret,
772 2205 927 2291 priusque
949 2205 1022 2269 eius
1043 2203 1099 2269 ad·

121 2314 240 2371 ventus
263 2305 305 2371 ab
330 2306 481 2373 omnibus
497 2309 672 2392 videretur,
695 2329 795 2394 quam
809 2307 900 2373 fama
915 2330 958 2373 ac
971 2310 1099 2375 nuntius

123 2410 308 2492 afferretur,
337 2411 384 2474 sic
412 2433 552 2494 magnae
582 2414 643 2477 fuit
670 2413 825 2477 fortunae
852 2414 942 2477 omni
970 2410 1099 2479 militari

123 2516 350 2592 instrumento,
373 2515 461 2602 quod
484 2519 608 2581 circum
631 2539 666 2581 se
686 2514 846 2599 habebat,
868 2524 995 2603 erepto,
1017 2513 1099 2582 redit

102 2621 280 2704 aequisque
295 2619 540 2703 comprehensis
562 2621 670 2703 ipsum
692 2619 836 2702 effugere
856 2628 1011 2684 mortem.
1038 2616 1100 2685 sed
1139 2636 1142 2651 ·

123 2720 187 2786 hoc
215 2744 345 2808 quoque
367 2723 491 2788 factum
513 2731 582 2804 est,
612 2721 701 2807 quod
724 2721 875 2786 aedificio
897 2720 1099 2789 circumdato
1140 2788 1142 2803 ¹

124 2825 215 2904 silva,
238 2836 275 2890 ut
298 2835 374 2891 sunt
395 2828 463 2891 fere
485 2826 653 2891 domicilia
677 2825 860 2908 Gallorum,
894 2826 952 2912 qui
977 2824 1100 2892 vitandi
1140 2820 1142 2849 ²

123 2937 235 2992 aestus
264 2951 366 2995 causa
395 2930 586 3017 plerumque
616 2930 773 2996 silvarum
800 2939 901 3016 atque
933 2930 1099 2997 fluminum
1140 2928 1142 2967 ²

123 3041 239 3116 petunt
271 3036 550 3121 propinquitates,
584 3035 722 3099 comites
755 3033 1003 3121 familiaresque
1034 3035 1100 3099 eius

124 3145 264 3218 angusto
295 3139 329 3201 in
358 3137 433 3203 loco
465 3136 632 3224 paulisper
659 3138 806 3223 equitum
828 3145 1018 3204 nostrorum
1037 3138 1100 3202 rim

101 3242 356 3306 ‹sustinuerunt
392 3241 455 3305 His
478 3240 701 3327 pugnantibus
724 3238 870 3304 illumin
892 3262 1016 3327 equum
1036 3240 1100 3327 qui·
1140 3234 1142 3329 l

124 3345 201 3409 (lam
224 3368 266 3409 ex
291 3346 359 3409 suis
381 3343 507 3408 intulit:
529 3345 710 3427 fugientem
734 3342 837 3407 silvae
859 3352 1027 3411 texerunt.
1048 3342 1099 3409 Sic
1140 3336 1142 3349 '

124 3457 156 3512 et
178 3448 222 3513 ad
244 3447 449 3514 subeundum
466 3447 646 3531 periculum
662 3447 703 3512 ed
722 3445 766 3511 ad
779 3446 952 3513 vitandum
965 3446 1098 3513 multum

124 3552 257 3617 fortuna
280 3550 394 3615 valuit.
