2430 4028
117 262 181 334 230
426 263 475 319 nn
494 264 615 319 annno
635 265 792 320 caturco

153 463 317 513 deditionem
342 463 429 513 coacti
453 463 581 528 gravibus
606 461 747 528 suppliciis
770 476 787 511 a
805 460 923 512 Caesare
946 458 1107 511 afficiuntur

153 566 175 598 c.
195 549 237 602 44.
257 549 383 599 Treveris
401 549 510 599 interim
529 562 545 597 a
562 547 685 598 Labieno
704 547 818 598 devictis
838 563 861 598 c.
880 546 924 612 45,
953 545 1058 598 caesar
1075 548 1105 596 in

153 634 303 699 Aquitanos
322 635 458 700 profectus
477 650 522 685 eos
541 635 569 684 in
586 633 666 684 fidem
680 634 793 699 accipit;
811 633 876 683 hinc
894 633 1044 684 exercitum
1056 649 1106 700 per

152 718 257 786 legatos
281 721 310 770 in
328 720 442 770 hiberna
460 719 570 770 deducit
594 737 616 772 c.
634 720 676 769 46.
703 719 840 770 Commius
857 719 972 770 Atrebas
995 720 1033 769 M.
1052 719 1107 768 An-

152 807 227 856 tonio
246 806 385 873 quaestori
402 821 431 856 se
451 805 554 856 dedidit
573 822 595 856 c.
613 806 655 857 47.
673 805 717 855 48.

120 891 161 958 [Α.
178 892 211 946 U.
231 892 260 943 O.
280 892 347 960 lot]
376 892 519 942 Praefatur
542 892 656 955 Hirtius,
685 909 733 942 cnr
758 909 802 943 res
826 892 860 942 ab
886 891 1005 943 Caesare
1034 906 1106 942 nono

153 977 362 1044 proconsulatus
390 994 460 1028 anno
488 979 516 1027 in
545 975 637 1028 Gallia
663 984 754 1044 gestas
784 978 879 1029 eodem
909 979 1106 1029 commentario

153 1066 333 1117 absolvendas
352 1066 497 1117 censuerit.
523 1093 556 1102 —
575 1065 615 1115 Ne
640 1065 690 1115 sub
708 1063 791 1115 finem
807 1065 915 1131 imperii
939 1078 1013 1115 nova
1030 1064 1107 1114 bella

154 1156 333 1214 moverentur,
346 1150 448 1201 Caesar
461 1165 513 1216 qua
532 1155 621 1216 potest
639 1150 785 1200 clementia
802 1151 831 1199 in
844 1148 967 1201 devictas
980 1150 1107 1200 civitmes

154 1240 238 1289 utitur
256 1257 279 1289 c.
296 1238 339 1288 40.
357 1236 499 1287 Profectus
518 1238 546 1286 in
564 1237 675 1287 Italiam
694 1237 805 1287 summis
824 1235 974 1287 honoribus
992 1235 1029 1288 ab
1048 1252 1107 1286 mu.

154 1325 263 1390 nicipiis
282 1330 308 1374 et
327 1323 441 1373 coloniis
460 1324 592 1388 excipitur
611 1339 633 1373 c.
652 1322 694 1375 bO.
713 1323 760 1386 o13
779 1322 842 1372 inde
861 1338 942 1388 quam
961 1321 1106 1374 celerrime

155 1414 182 1460 in
195 1410 352 1461 ulteriorem
366 1408 484 1460 Galliam
497 1424 621 1459 reversus
635 1409 782 1458 exercitum
801 1424 834 1458 ex
847 1408 972 1459 omnibus
983 1408 1108 1460 hibernis

155 1503 296 1548 evocatum
315 1497 423 1557 lustrat;
442 1497 593 1547 Labienum
614 1495 721 1547 Galliae
739 1501 848 1562 togatae
865 1493 997 1562 praeficit.
1023 1495 1109 1546 Initia

153 1583 221 1634 belli
248 1584 338 1633 civilis
366 1601 389 1634 c.
408 1586 449 1634 52.
468 1584 510 1635 53.
545 1584 680 1649 Legiones
700 1583 814 1634 Caesari
837 1598 886 1648 per
909 1598 1021 1634 oausam
1039 1581 1108 1633 belli

154 1670 276 1721 Parthici
294 1670 432 1720 detractae
450 1669 581 1735 Pompeio
599 1670 742 1720 traduntur
761 1685 783 1720 c.
803 1670 845 1718 54.
864 1668 906 1719 db.

208 1823 352 1890 Coactus
376 1824 517 1891 assiduis
541 1826 605 1890 tuis
620 1824 769 1907 vocibus,
786 1822 901 1908 Balbe,
925 1844 1002 1889 oum
1023 1826 1105 1889 coti-

124 1928 226 1993 diana
248 1950 322 1993 mea
343 1928 509 1992 recusatio
532 1950 598 1993 non
622 1927 825 1992 difficultatis
841 1927 1103 2009 excusationem,

125 2032 182 2096 sed
209 2032 345 2096 inertiae
373 2031 540 2096 videretur
571 2031 838 2116 deprecationem
867 2028 1007 2114 habere,
1036 2054 1106 2097 rem

101 2134 353 2200 edifficillimam
376 2138 516 2221 suscepi.
549 2134 700 2200 Caesaris
722 2137 825 2200 nostri
848 2137 1106 2201 commentarios

123 2261 232 2303 rerum
252 2249 419 2323 gestarum
428 2237 568 2322 Galliae,
583 2262 650 2303 non
666 2236 919 2304 cohaerentibus
932 2241 1109 2324 superiori-

124 2342 187 2406 bus
211 2352 309 2428 atquc
331 2343 580 2428 insequentibus
604 2344 675 2408 eius
699 2344 843 2428 scriptis,
867 2343 1026 2407 contexui
1048 2364 1109 2407 no-

124 2445 358 2531 vissimumque
387 2447 616 2531 imperfectum
643 2445 685 2511 ab
708 2446 807 2511 rebus
835 2446 938 2531 gestis
960 2443 1108 2511 Alexan-

125 2549 217 2613 driae
241 2549 370 2614 confeci
399 2571 503 2634 usque
533 2550 576 2614 ad
607 2551 730 2615 exitum
755 2570 821 2613 non
843 2547 976 2634 quidem
1000 2548 1108 2614 civilis

125 2652 351 2735 dissensionis,
376 2654 469 2717 cuius
485 2653 583 2718 finem
607 2651 732 2718 nullum
752 2650 911 2734 videmus,
936 2650 996 2717 sed
1019 2654 1109 2718 vitae

103 2752 289 2822 rCaesaris.
313 2756 406 2837 Quos
424 2758 548 2821 utinam
569 2757 623 2842 qui
639 2756 750 2840 legent
765 2755 847 2820 scire
864 2755 993 2840 possint
1008 2777 1109 2842 quam

125 2859 247 2924 invitus
271 2860 473 2945 susceperim
496 2857 705 2938 scribendos,
731 2880 795 2944 quo
818 2856 950 2923 facilius
973 2879 1108 2924 caream

126 2963 281 3028 stultitiae
304 2973 404 3050 atque
426 2965 635 3049 arrogantiae
658 2965 803 3042 crimine,
837 2962 893 3049 qui
915 2982 968 3025 me
989 2963 1109 3028 mediis

103 3068 378 3152 sinterposuerim
402 3065 555 3132 Caesaris
580 3068 720 3152 scriptis.
750 3064 890 3132 Constat
911 3067 1000 3130 enim
1022 3065 1110 3131 inter

127 3193 238 3236 omnes
267 3169 348 3235 nihil
376 3179 444 3236 tam
474 3193 612 3255 operose
641 3169 682 3234 ab
712 3169 784 3234 aliis
808 3190 880 3234 esse
910 3165 1105 3254 perfectum,

128 3274 216 3360 quod
238 3298 304 3340 non
328 3275 447 3340 horum
472 3274 636 3357 elegantia
651 3273 962 3338 commentariorum
978 3295 1108 3361 supere·

106 3387 189 3443 stur.
235 3377 301 3460 Qui
331 3387 407 3444 sunt
435 3377 530 3460 editi,
568 3401 608 3442 ne
639 3377 775 3442 scientia
807 3384 976 3441 tantarum
1002 3398 1110 3442 rerum

131 3483 346 3568 scriptoribus
369 3483 464 3564 desit,
488 3481 636 3567 adeoque
652 3480 835 3566 probantur
857 3481 1003 3546 omnium
1025 3479 1110 3546 iudi·

130 3587 193 3665 cio,
216 3594 253 3651 ut
267 3594 453 3672 praerepta,
477 3607 544 3651 non
559 3583 712 3671 praebita
727 3583 869 3651 facultas
892 3582 1110 3670 scriptoribus
