2430 4028
121 280 183 343 126
428 279 479 328 DE
497 278 617 330 BELLO
637 279 796 330 Gnnnlco

120 470 261 536 Romani
283 472 443 556 impetum
458 470 604 554 fecerint,
627 471 748 537 cedant
765 471 914 553 (levitate
936 493 1103 538 armorum

120 582 153 638 et
186 572 352 638 cotidiana
386 575 622 640 exercitatione
656 572 737 639 nibil
765 575 805 640 iis
834 577 947 641 noceri
980 577 1104 661 posse),

120 700 232 743 rursus
256 699 291 742 se
313 676 357 741 ad
379 669 474 762 signa
496 679 693 765 recipientes
716 679 940 765 insequantur.

206 780 257 843 35.
283 780 356 862 Quo
379 792 557 868 praecepto
588 781 631 846 ab
662 782 702 848 iis
726 781 976 866 diligentissime
1001 782 1110 850 obser

122 895 209 966 vato,
246 908 321 950 cum
355 889 529 972 quaepiam
564 886 683 951 cohors
717 909 760 950 ex
799 884 877 951 orbe
915 897 1110 952 excesserat

123 1000 222 1075 atque
245 993 403 1075 impetum
431 991 565 1073 iecerat,
595 989 707 1055 hostes
728 989 936 1056 velocissime
966 990 1108 1075 refugie-

102 1094 215 1160 rbant.
242 1093 377 1159 Interim
408 1116 481 1159 eam
511 1103 638 1180 partem
668 1094 786 1160 nudari
816 1115 951 1161 necesse
982 1103 1058 1159 erat
1079 1104 1111 1159 et

102 1197 167 1263 sab
197 1197 299 1263 latere
328 1208 442 1285 aperto
471 1197 538 1262 tela
559 1199 673 1282 recipi.
719 1197 852 1277 Rursus,
876 1219 952 1263 cum
976 1199 1012 1262 in
1034 1221 1123 1282 eum,

123 1300 242 1376 locum,
267 1301 356 1366 unde
380 1309 473 1366 erant
496 1302 628 1384 egressi,
652 1303 771 1366 reverti
793 1310 985 1386 coeperant,
1009 1310 1044 1366 et
1068 1300 1110 1367 ab

124 1406 176 1482 iis,
200 1407 255 1491 qui
278 1415 462 1482 cesserant,
497 1414 530 1470 et
552 1403 595 1470 ab
619 1405 669 1486 iis,
693 1405 747 1489 qui
771 1405 916 1489 proximi
938 1412 1110 1486 steterant,

102 1507 485 1590 scircumveniebautur3
509 1510 558 1573 siu
582 1515 692 1570 autem
714 1506 824 1572 locum
840 1515 953 1572 tenere
975 1507 1109 1589 vellent,

124 1634 185 1675 nee
219 1614 330 1677 virtuti
365 1609 458 1677 loeus
494 1609 760 1696 relinquebatur,
798 1631 904 1694 neque
938 1609 983 1674 ab
1018 1620 1111 1676 tauta

124 1715 333 1780 multitudine
367 1717 518 1780 coniecta
551 1714 618 1777 tela
646 1712 786 1778 conferti
814 1713 921 1778 vitare
943 1722 1110 1800 poterant

104 1819 251 1884 sTamen
274 1827 323 1884 tot
345 1818 562 1884 incommodis
579 1817 770 1900 conflictati,
789 1816 899 1882 multis
914 1816 1109 1884 vulneribus

126 1923 272 2007 acceptis
295 1923 493 1987 resistebant
515 1930 547 1986 et
563 1941 686 2005 magua
701 1929 795 2006 parte
812 1919 878 1984 diei
900 1930 1110 2008 consumpta,

126 2047 199 2091 cum
227 2047 248 2090 a
270 2028 375 2111 prima
397 2025 470 2090 luce
499 2025 543 2090 ad
566 2024 682 2089 horam
712 2033 866 2089 octavam
897 2034 1111 2109 pugnaretur,

126 2128 217 2213 nihil,
253 2129 342 2214 quod
375 2130 455 2214 ipsis
493 2138 581 2194 esset
618 2127 810 2212 indignum,
848 2127 1110 2195 committebant

105 2233 213 2297 sTum
239 2233 315 2297 Tito
346 2231 537 2316 Balveutioff,
573 2234 627 2319 qui
658 2235 825 2318 superiore
853 2254 940 2298 anno
969 2235 1112 2318 primum

127 2336 228 2422 pilum
263 2335 413 2420 duxerat,
448 2339 518 2400 viro
549 2336 626 2400 forti
657 2345 689 2399 et
719 2357 860 2419 magnae
891 2334 1111 2417 auctoritatis,

106 2450 299 2524 rutrumque
328 2439 434 2504 femur
466 2439 596 2524 tragula
624 2441 794 2523 traicitur3
829 2436 973 2518 Quintus
1003 2436 1112 2503 Luca·

127 2546 212 2627 nius,
236 2543 381 2608 eiusdem
405 2544 538 2625 ordinis,
564 2543 740 2608 fortissime
763 2564 925 2629 pugnans,
950 2541 1031 2609 dum
1052 2540 1112 2607 cir·

106 2656 301 2713 scumvento
330 2646 398 2712 filio
424 2647 586 2728 subvenit,
616 2645 829 2728 interficitur;
863 2645 990 2711 Lucius
1015 2645 1112 2712 Cotta

127 2752 255 2835 legatus
291 2773 404 2815 omnes
438 2750 590 2815 cohortes
625 2750 823 2836 ordinesque
861 2748 1047 2815 adhortans
1080 2750 1112 2814 in

128 2854 303 2919 adversum
327 2877 363 2917 os
386 2854 489 2918 lunda
511 2853 711 2918 vulneratur.

214 2958 265 3021 36.
292 2958 351 3021 His
373 2956 472 3023 rebus
496 2966 664 3042 permotus
688 2955 830 3036 Quintus
854 2956 1014 3039 Titurius,
1038 2978 1112 3021 oum

130 3061 246 3145 procul
269 3060 494 3143 Ambiorigem
518 3082 596 3124 suos
620 3060 848 3124 cohortantem
874 3061 1114 3145 conspexisset,

131 3166 340 3249 interpretem
363 3187 456 3229 suum
481 3163 609 3230 Gneum
633 3164 824 3248 Pompeium
849 3161 991 3229 adeum
1014 3162 1115 3227 mittit

110 3278 295 3353 erogatum,
320 3278 356 3333 ut
380 3268 444 3333 sibi
462 3265 686 3350 militibusque
702 3275 828 3350 parcat.
851 3262 912 3329 llle
926 3264 1114 3350 appellatus

131 3372 317 3459 respondit:
348 3374 375 3437 si
403 3371 483 3436 velit
512 3392 621 3436 secum
655 3368 809 3455 colloqui,
832 3366 947 3451 licere3
982 3390 1115 3454 sperare

133 3499 153 3540 a
175 3476 383 3542 multitudine
406 3477 574 3561 impetrari
597 3496 706 3559 posse,
723 3472 812 3559 quod
834 3472 879 3537 ad
900 3470 1046 3537 militum
1067 3494 1116 3537 sa·

132 3580 232 3645 lutem
257 3580 435 3666 pertineat3
470 3580 531 3664 ipsi
555 3600 632 3642 vero
656 3576 735 3641 nihil
758 3578 903 3642 nocitum
927 3575 984 3655 iri,
1019 3578 1116 3662 inque
