2430 4028
121 227 164 290 42
425 229 476 279 DE
495 229 616 280 BELLO
637 227 795 280 Gunnrco

121 419 240 502 partim
264 418 335 503 qui,
366 426 403 482 ut
426 416 610 483 Germanos
634 417 755 483 diutius
785 419 819 482 in
843 416 955 485 Gallia
978 421 1109 484 versari

120 520 310 604 noluerant,
344 523 391 584 ita
424 521 538 608 populi
568 522 708 586 Romani
742 525 923 587 exercitum
957 521 1110 588 hiemare

122 633 219 708 atque
241 625 481 688 inveterascere
504 626 537 688 in
555 622 665 688 Gallia
687 623 825 690 moleste
848 625 1007 703 ferebant,
1032 649 1110 711 par·

120 729 179 792 tim
204 727 258 812 qui
281 726 464 793 mobilitate
497 736 529 792 et
551 727 687 792 levitate
711 730 812 793 animi
835 731 930 794 novis
958 730 1110 814 imperiis

97 829 316 912 sstudebant3
350 829 392 894 ab
422 829 588 895 nonnullis
623 833 737 912 etiam,
773 830 862 916 quod
889 833 924 896 in
947 831 1064 898 Gallia
1090 855 1111 897 a

122 932 361 1018 potentioribus
395 943 493 1018 atque
527 934 583 1014 iis,
619 935 674 1018 qui
709 932 752 997 ad
781 935 1016 1000 conducendos
1038 934 1111 1000 vho-

122 1038 225 1100 mines
260 1036 435 1103 facultates
469 1037 658 1120 habebant,
696 1038 795 1122 vulgo
815 1061 932 1123 regna
966 1060 1112 1123 oocupa-

121 1139 258 1222 bantur,
294 1142 349 1225 qui
376 1142 483 1206 minus
507 1142 605 1207 facile
634 1165 706 1207 eam
735 1165 805 1207 rem
827 1145 963 1228 imperio
991 1152 1109 1208 nostro

123 1246 279 1328 consequi
303 1253 465 1328 poterant.

208 1345 238 1408 2.
262 1347 324 1412 His
339 1350 461 1413 nuntiis
484 1346 666 1434 litterisque
682 1357 864 1413 commotus
881 1346 1008 1413 Caesar
1024 1347 1108 1413 duas

122 1445 267 1534 legiones
301 1453 335 1515 in
369 1454 518 1517 citeriore
556 1449 666 1516 Gallia
698 1474 803 1516 novas
841 1451 1042 1536 conscripsit
1077 1460 1110 1516 et

122 1555 202 1618 inita
227 1562 364 1636 aestate,
397 1557 431 1618 in
461 1557 647 1619 interiorem
671 1553 816 1619 Galliam
840 1556 895 1640 qui
919 1554 1108 1637 deduceret,

101 1656 282 1736 aQnintum
304 1657 441 1722 Pedium
464 1657 609 1742 legatum
632 1660 730 1723 misit.
754 1659 840 1742 Ipse,
866 1680 940 1722 oum
963 1660 1109 1742 primum

103 1758 236 1844 apabuli
252 1762 349 1843 copia
372 1783 443 1824 esse
466 1762 634 1844 inciperet,
660 1760 704 1824 ad
719 1762 900 1825 exercitum
915 1760 1016 1825 venit.
1039 1759 1110 1826 Dat

123 1864 291 1947 negotium
314 1863 498 1929 Senonibus
522 1863 722 1949 reliquisque
747 1861 863 1939 Gallis,
895 1865 948 1948 qui
976 1863 1110 1928 finitimi

121 1965 235 2051 Belgis
269 1974 377 2042 erant,
405 1969 453 2030 uti
477 1989 525 2049 ea,
550 1989 634 2052 quae
657 1966 746 2052 apud
769 1989 826 2030 eos
849 1973 1021 2050 gerantur,
1058 1988 1110 2030 co

103 2079 286 2152 agnoscant
309 2091 407 2154 seque
431 2070 471 2134 de
493 2066 544 2135 his
575 2067 672 2134 rebus
696 2071 867 2134 certiorem
889 2070 1025 2133 faciant.
1064 2069 1109 2133 Hi

124 2182 314 2238 constanter
348 2196 460 2238 omnes
493 2177 727 2238 nuntiaverunt
755 2195 872 2238 manus
902 2175 989 2255 cogi,
1014 2195 1109 2238 exer·

101 2278 224 2340 scitum
247 2278 281 2340 in
302 2299 403 2341 unum
426 2276 536 2341 locum
559 2275 708 2341 conduci.
747 2277 830 2340 'an
854 2297 931 2339 vero
956 2274 1108 2340 dubitan-

124 2378 201 2443 dum
224 2402 290 2443 non
319 2381 536 2462 existimavit,
571 2382 649 2466 quin
673 2378 716 2443 ad
745 2401 802 2444 eos
830 2378 1108 2463 proficisceretur.

101 2481 170 2547 eRe
193 2482 407 2549 frumentaria
431 2494 624 2568 comparata
652 2493 761 2548 castra
784 2492 895 2547 movet
927 2480 1109 2567 diebusque

124 2588 253 2652 circiter
276 2587 462 2671 quindecim
488 2587 634 2652 adfines
658 2586 834 2670 Belgarum
861 2586 1019 2671 pervenit.
1092 2588 1096 2595 ’

210 2693 241 2756 3.
264 2695 314 2757 Eo
339 2714 414 2757 cum
433 2691 473 2755 de
497 2692 675 2774 improviso
700 2688 904 2772 celeriusque
926 2690 1016 2753 omni
1040 2688 1107 2774 opi·

124 2798 222 2861 nione
244 2797 399 2875 venisset,
416 2795 520 2870 Remi,
544 2796 600 2878 qui
622 2794 766 2879 proximi
783 2791 913 2856 Galliae
937 2814 979 2855 ex
994 2791 1108 2876 Belgis

124 2908 216 2975 sunt,
251 2898 295 2963 ad
323 2921 398 2963 eum
425 2897 553 2982 legatos
583 2897 708 2961 Iccium
738 2907 771 2960 et
793 2894 1108 2978 Andecumborium,

103 3004 247 3087 aprimos
272 3001 432 3074 civitatis,
466 3004 634 3081 miserunt,
666 3001 720 3084 qui
745 2998 890 3062 dicerent
919 3019 954 3061 se
983 3019 1109 3082 suaque

125 3105 235 3169 omnia
257 3105 290 3168 in
313 3102 412 3168 fidem
435 3113 533 3187 atque
556 3105 588 3166 in
611 3110 808 3188 potestatem
831 3098 944 3185 populi
966 3099 1110 3164 Romani

124 3208 321 3292 permittere,
338 3228 445 3292 neque
469 3228 504 3270 se
520 3226 595 3269 cum
613 3204 725 3288 Belgis
747 3202 882 3288 reliquis
900 3203 1109 3268 consensisse

102 3332 231 3394 aneque
254 3317 370 3373 contra
392 3308 552 3394 populum
574 3308 758 3372 Romanum
782 3308 980 3386 coniurasse,
1013 3327 1111 3391 para·

124 3422 241 3498 tosque
269 3435 341 3478 esse
372 3421 404 3477 et
427 3410 560 3477 obsides
584 3410 663 3475 dare
691 3419 724 3473 et
753 3412 914 3493 imperata
941 3407 1054 3474 facere
1077 3418 1111 3474 et

126 3518 255 3602 oppidis
278 3519 423 3603 recipere
439 3526 471 3582 et
485 3517 648 3581 frumento
666 3516 848 3599 ceterisque
862 3512 960 3578 rebus
976 3513 1110 3594 iuvare3
