2430 4028
121 279 163 342 56
423 279 474 328 Dr}
492 276 614 328 BELLO
634 277 793 329 Gannlco

120 470 281 536 Numidas
316 470 464 536 diversos
500 469 743 557 dissipatosque
776 472 810 535 in
844 492 958 537 omnes
993 479 1108 557 partes

120 575 233 661 fugere
266 574 443 658 vidissent,
477 573 660 660 desperatis
688 574 809 640 nostris
836 572 935 639 rebus
967 572 1109 640 domum

99 677 377 760 ⁵eontenderunt3
392 679 559 743 Romanos
575 675 689 762 pulsos
707 685 955 763 superatosque,
978 676 1105 742 castris

121 781 427 867 impedimentisque
455 803 569 846 eorum
601 779 715 846 hostes
749 782 873 865 potitos
902 779 1033 846 civitati
1059 801 1108 845 rc·

121 887 363 950 nuntiaverunt.

207 986 260 1051 25.
286 985 411 1052 Caesar
425 985 467 1052 ah
485 986 632 1052 decimae
654 985 794 1070 legionis
810 985 1041 1053 cohortatione
1065 985 1109 1053 ad

124 1094 276 1159 dextrum
299 1112 402 1156 cornu
424 1091 605 1176 profectus,
632 1089 689 1155 uhi
705 1112 783 1154 suos
805 1090 913 1174 urgeri
937 1091 1108 1178 signisque

122 1199 155 1261 in
179 1219 280 1262 unum
303 1193 412 1260 locum
436 1193 565 1259 collatis
589 1192 805 1259 duodecimae
820 1192 959 1278 legionis
977 1195 1108 1261 confer·

122 1309 174 1365 tos
197 1298 316 1365 milites
341 1297 405 1362 sibi
427 1298 518 1384 ipsos
543 1296 586 1363 ad
606 1318 751 1384 pugnam
775 1319 847 1361 esse
869 1296 1107 1383 impedimento

122 1401 215 1486 vidit,
233 1411 370 1488 quartae
388 1401 534 1468 cohortis
551 1400 703 1466 omnibus
722 1400 966 1467 centurionibus
984 1405 1106 1470 occisis

124 1506 344 1590 signiferoque
360 1505 544 1589 interfecto,
569 1505 661 1589 signo
679 1507 812 1587 amisso,
835 1504 1038 1590 reliquarum
1054 1528 1107 1573 co·

122 1608 265 1674 hortium
294 1608 444 1674 omnibus
472 1607 542 1673 fere
571 1607 817 1675 centurionibus
840 1618 898 1674 aut
923 1607 1107 1676 vulneratis

124 1723 181 1776 aut
206 1714 333 1795 occisis,
357 1714 391 1777 in
413 1711 463 1776 his
486 1712 651 1798 primipilo
674 1714 710 1778 P.
735 1711 850 1777 Sextio
873 1711 1019 1795 Baculo,
1043 1713 1108 1779 ior-

124 1816 250 1880 tissimo
268 1817 349 1899 viro,
372 1815 483 1880 multis
502 1815 724 1902 gravibusque
742 1814 931 1881 vulneribus
951 1816 1106 1882 confecto

124 1929 161 1983 ut
182 1921 248 1984 iam
272 1942 306 1984 se
330 1921 493 1984 sustinere
508 1941 573 1984 non
589 1929 710 2004 posset,
735 1918 879 2005 reliquos
895 1941 968 1985 esse
986 1919 1110 1986 tardio-

124 2044 177 2086 res
201 2031 234 2085 et
251 2020 426 2087 nonnullos
441 2024 638 2087 novissimos
654 2021 783 2088 deserto
801 2021 924 2108 proelio
945 2022 1108 2089 excedere

128 2146 167 2189 ac
190 2124 258 2189 tela
281 2127 400 2201 vitare,
431 2125 544 2191 hostes
575 2147 680 2212 neque
714 2126 864 2192 afronte
888 2149 930 2191 ex
952 2128 1108 2193 inferiore

126 2228 199 2292 loco
232 2227 409 2294 subcuntes
443 2231 657 2296 intermittere
690 2240 723 2295 et
757 2228 801 2295 ab
834 2239 972 2315 utroque
1002 2229 1108 2297 latere

126 2333 264 2412 instare,
293 2341 326 2397 et
353 2355 422 2397 rem
453 2335 579 2399 esseio
603 2342 743 2417 angusto
767 2333 849 2398 vidit
874 2355 982 2420 neque
1004 2333 1107 2400 ullum

102 2454 197 2498 resse
213 2432 404 2519 subsidium,
428 2435 515 2520 quod
533 2434 681 2501 submitti
697 2443 828 2523 posset:
853 2444 946 2501 scuto
970 2433 1025 2518 [ab
1048 2458 1107 2501 no·

122 2538 256 2602 vissimo
292 2536 360 2622 uni]
395 2537 489 2604 militi
524 2537 672 2604 detracto
717 2537 818 2626 [quod
850 2540 922 2624 ipse
958 2560 999 2603 eo
1035 2539 1106 2605 sine

124 2648 217 2706 scuto
234 2639 381 2725 venerat]
405 2644 437 2707 in
454 2643 594 2726 primam
611 2643 719 2707 aciem
735 2643 898 2727 processit
912 2644 1109 2709 centurioni·

123 2741 249 2827 busque
283 2745 477 2809 nominatim
514 2743 692 2830 appellatis
730 2743 874 2829 reliquos
911 2744 1106 2813 cohortatus

123 2845 243 2911 milites
268 2848 362 2931 signa
384 2848 505 2912 inferre
521 2857 554 2912 et
567 2847 754 2934 manipulos
774 2848 889 2913 laxare
911 2848 1019 2932 iussit,
1042 2870 1106 2936 quo

102 2947 255 3015 otacilius
272 2949 391 3034 gladiis
406 2952 453 3014 uti
477 2960 624 3035 possent.
656 2951 758 3016 Ouius
781 2951 924 3017 adventu
940 2973 1001 3039 spe
1014 2951 1109 3019 illata

125 3053 284 3120 militibus
301 3075 341 3118 ac
356 3055 581 3138 redintegrato
598 3058 718 3138 anim0,
742 3078 817 3121 cum
840 3078 900 3142 pro
916 3078 952 3120 se
968 3057 1109 3143 quisquo

125 3161 157 3222 in
192 3164 372 3243 conspectu
395 3160 613 3243 imperatoris
647 3161 747 3226 etiam
780 3162 814 3224 iu
847 3159 1004 3225 extremis
1038 3162 1108 3226 suis

126 3259 225 3327 rebus
249 3283 384 3347 operam
406 3284 529 3327 navare
552 3272 701 3348 cuperet,
725 3262 861 3349 paulum
882 3262 1028 3331 hostium
1050 3265 1109 3330 im·

128 3375 222 3452 petus
247 3365 400 3430 tardatus
424 3373 482 3430 est.

212 3468 265 3533 26.
289 3469 425 3551 Caesar,
442 3491 517 3534 cum
533 3472 708 3557 septimam
724 3470 897 3554 legionem,
915 3491 1000 3556 quae
1015 3471 1110 3536 iuxta

127 3575 336 3656 constiterat,
368 3576 443 3639 item
468 3575 576 3657 urgeri
600 3573 642 3639 ab
666 3573 759 3638 hoste
782 3573 933 3655 vidisset,
959 3572 1110 3640 tribunos
