2430 4028
124 255 190 321 214
433 259 484 307 DE
502 259 622 309 BELLO
643 258 802 310 Gannico

208 447 260 514 68.
284 450 415 532 Fugato
432 451 520 516 omni
537 451 683 535 equitatu
698 450 955 535 Vercingetorix
977 454 1105 540 copias,

122 560 159 616 ut
192 575 253 639 pro
291 556 408 620 castris
446 553 684 629 collocaverat,
722 553 855 619 reduxit
890 558 1107 643 protinusque

124 657 281 732 Alesiam,
298 658 387 743 quod
403 668 455 722 est
468 655 624 744 oppidum
635 656 903 741 Mandubiorum,
920 659 983 723 iter
995 659 1108 726 lacere

124 764 233 847 coepit
255 760 469 846 celeriterque
492 759 728 845 impedimenta
746 783 788 824 ex
812 763 931 825 castris
955 762 1054 829 educi
1076 775 1109 830 et

102 887 158 928 sse
176 863 330 950 subsequi
347 865 450 928 iussit.
474 862 601 930 Caesar
615 864 858 951 impedimentis
869 867 904 930 in
920 867 1108 951 proximum

123 966 240 1032 collem
257 966 415 1048 deductis,
434 966 561 1032 duabus
579 966 762 1050 legionibus
778 967 944 1052 praesidio
968 967 1107 1053 relictis,

123 1079 255 1135 secutus
286 1079 440 1154 quantum
467 1070 531 1133 diei
559 1079 689 1153 tempus
723 1082 774 1135 est
796 1093 949 1156 passum,
978 1073 1109 1139 circiter

123 1172 229 1238 tribus
252 1174 383 1239 milibus
415 1173 558 1239 hostium
581 1197 624 1238 ex
646 1176 827 1239 novissimo
854 1177 986 1257 agmine
1009 1178 1108 1242 inter-

100 1278 217 1342 efectis
242 1277 344 1343 altero
369 1277 422 1343 die
446 1277 490 1342 ad
513 1276 659 1342 Alesiam
682 1287 794 1342 castra
815 1278 903 1342 fecit.
926 1278 1107 1365 Perspecto

122 1381 215 1445 urbis
233 1384 296 1446 situ
313 1383 560 1466 perterritisque
577 1380 739 1464 hostibus,
755 1381 843 1466 quod
859 1382 1020 1466 equitatu,
1044 1406 1109 1470 qua

122 1488 266 1550 maxime
295 1495 389 1570 parte
427 1485 592 1550 exercitus
626 1484 856 1567 confidebant,
890 1495 984 1550 erant
1012 1487 1109 1572 pulsi,

123 1588 319 1654 adhortatus
335 1589 379 1652 ad
395 1587 543 1652 laborem
553 1587 674 1652 milites
689 1587 939 1653 circumvallare
955 1591 1107 1656 instituit.

209 1691 261 1755 69.
285 1692 398 1776 Ipsum
421 1701 492 1756 erat
515 1691 672 1776 oppidum
688 1691 802 1756 Alesia
824 1695 857 1757 in
877 1693 963 1758 colle
979 1715 1107 1759 summo

123 1795 302 1861 admodum
329 1795 416 1861 edito
443 1795 535 1876 loco,
563 1805 599 1860 ut
629 1797 691 1858 nisi
723 1795 895 1860 obsidione
922 1799 1108 1881 expugnari

101 1920 189 1965 snon
212 1922 311 1986 posse
327 1899 510 1980 videretur3
534 1901 626 1963 cuius
642 1897 736 1963 collis
753 1898 882 1963 radices
898 1897 964 1964 duo
980 1899 1109 1965 duabus

101 2027 167 2068 aex
191 2002 340 2087 partibus
369 2002 505 2067 flumina
529 2001 734 2067 subluebaut.
781 2003 868 2067 Ante
890 2002 925 2067 id
948 2004 1108 2088 oppidum

125 2106 283 2193 planicies
301 2107 432 2171 circiter
447 2105 537 2170 milia
552 2129 709 2190 passuum
722 2107 786 2171 tria
807 2107 843 2170 in
865 2105 1108 2190 longitudinem

100 2209 278 2294 spatebat3
294 2209 428 2294 reliquis
445 2233 486 2273 ex
504 2209 655 2274 omnibus
671 2209 821 2294 partibus
833 2208 936 2274 colles
948 2209 1107 2276 mediocri

122 2314 292 2377 interiecto
321 2314 429 2396 spatio
462 2315 532 2396 pari
567 2311 750 2376 altitudinis
783 2312 918 2396 fastigio
950 2316 1109 2400 oppidum

101 2415 309 2499 scingebant.
334 2415 401 2480 Sub
426 2438 529 2496 muro,
554 2437 637 2500 quae
661 2437 739 2500 pars
762 2414 858 2479 collis
880 2415 924 2480 od
948 2418 1108 2484 orientem

124 2519 225 2584 solem
251 2518 432 2603 spectabat,
456 2519 541 2582 bunc
566 2541 695 2583 omnem
721 2518 831 2583 locum
854 2519 974 2603 copiae
997 2520 1109 2588 Gallo·

123 2646 194 2688 rum
227 2621 471 2706 compleverant
499 2623 688 2707 fossamque
717 2631 749 2685 et
778 2624 958 2687 maceriam
987 2644 1050 2688 sex
1076 2626 1109 2689 in

102 2726 331 2791 caltitudinem
356 2725 472 2809 pedum
503 2725 758 2810 praeduxerant.
803 2725 885 2789 Eius
906 2728 1108 2809 munitionis,

124 2852 209 2915 quae
237 2829 279 2893 ab
303 2830 460 2893 Romanis
490 2828 739 2910 instituebatur,
766 2829 924 2893 circuitus
951 2846 991 2893 xl
1020 2831 1108 2898 milia

102 2956 281 3018 rpassuum
304 2932 446 2998 tenebat.
471 2930 591 2997 Castra
614 2933 808 3018 opportunis
831 2932 916 2997 locis
938 2944 1037 2999 erant
1052 2955 1108 3019 po·

126 3039 192 3101 sita
214 3035 324 3122 ibique
347 3035 484 3100 castella
507 3037 621 3119 uiginti
645 3036 707 3098 tria
731 3035 838 3116 facta3
861 3033 984 3120 quibus
1006 3037 1042 3102 in
1059 3059 1107 3102 ca-

126 3138 228 3204 stellis
251 3139 393 3204 interdiu
417 3141 576 3203 stationes
599 3137 818 3224 ponebantur,
844 3160 886 3203 ue
909 3159 978 3224 qua
1000 3138 1106 3207 subito

125 3244 252 3327 eruptio
281 3243 390 3324 fieret3
419 3242 502 3307 haec
531 3242 646 3307 eadem
668 3251 768 3306 noctu
795 3240 1049 3308 excubitoribus
1070 3262 1106 3309 ac

125 3347 227 3411 firmis
249 3346 424 3432 praesidiis
451 3344 657 3411 tenebantur.

212 3446 262 3511 70.
286 3447 395 3532 Opere
418 3449 567 3514 instituto
589 3448 627 3513 fit
649 3457 799 3534 equestre
826 3448 990 3533 proelium
1012 3450 1048 3516 in
1069 3470 1106 3515 es

126 3551 277 3637 planicie,
302 3573 401 3636 quam
423 3552 642 3616 intermissam
664 3552 805 3616 collibus
834 3553 899 3616 tria
920 3551 1015 3619 milia
1037 3574 1107 3641 pse
1148 3566 1150 3633 j
