2430 4028
384 241 495 291 LIBER
512 240 586 304 vm,
607 239 681 293 OAP.
700 241 810 290 39-42.
1018 239 1081 304 255

191 431 244 496 41.
268 431 415 513 Quorum
432 431 538 497 omnis
556 439 673 515 postea
691 430 862 495 multitudo
887 437 1081 515 aquatorum

103 557 206 601 unum
221 537 255 600 in
271 534 379 600 locum
392 533 612 600 conveniebat
624 533 683 599 sub
696 535 799 620 ipsius
816 533 928 620 oppidi
944 556 1081 614 murum,

101 639 161 705 ubi
188 661 328 724 magnus
357 638 430 704 fons
461 661 566 725 aquae
588 636 824 723 prorumpebat
846 635 889 701 ab
917 660 956 703 ea
978 646 1082 722 parte,

103 765 189 829 quae
206 743 273 808 fere
290 742 410 827 pedum
426 751 646 807 trecentorum
668 739 840 806 intervallo
856 740 999 806 fluminis
1023 743 1084 805 cir-

103 847 195 911 ouitu
218 846 369 911 vacabat.
395 846 469 910 Hoc
486 845 575 910 fonte
598 843 765 929 prohiberi
784 867 882 931 posse
900 845 1106 931 oppidanoss

104 971 181 1015 oum
198 957 349 1034 optarent
365 948 491 1034 reliqui,
516 947 640 1014 Caesar
655 971 739 1013 unus
755 949 891 1030 videret,
916 971 933 1012 e
949 951 1084 1033 regione

105 1055 177 1119 eius
200 1055 314 1117 vineas
339 1074 436 1136 agere
456 1053 615 1116 adversus
639 1061 782 1116 montem
807 1061 839 1115 et
861 1073 1014 1136 aggerem
1038 1053 1085 1115 in·

106 1166 233 1221 struere
256 1156 366 1240 coepit
388 1177 508 1239 magno
533 1178 606 1220 cum
625 1154 738 1219 labore
762 1164 795 1221 et
816 1156 972 1220 continua
996 1155 1086 1219 dimi-

106 1259 246 1337 catione.
271 1256 437 1343 Oppidani
462 1261 548 1323 enim
564 1257 637 1323 loco
663 1261 830 1344 superiore
854 1258 1031 1323 decurrunt
1054 1269 1109 1325 ets

107 1364 234 1428 eminus
264 1363 333 1427 sine
362 1363 506 1448 periculo
542 1364 745 1448 proeliantur
773 1361 956 1450 multosque
991 1364 1089 1449 perti-

106 1467 234 1531 naciter
250 1466 463 1531 succedentes
476 1467 667 1549 vulnerant3
683 1489 748 1531 non
762 1465 966 1531 deterrentur
978 1475 1088 1531 tamen

106 1568 227 1632 milites
255 1572 361 1634 nostri
383 1572 497 1634 vineas
521 1571 668 1656 proferre
692 1580 723 1635 et
751 1569 865 1635 labore
889 1579 987 1656 atque
1012 1592 1087 1656 ope·

107 1671 201 1737 ribus
223 1673 370 1737 locorum
394 1675 524 1739 vincere
541 1673 762 1740 difficultates.
791 1672 919 1738 Eodem
942 1683 1111 1760 temporeo

109 1775 280 1841 cuniculos
302 1785 410 1843 tectos
433 1777 475 1842 ab
505 1781 611 1843 vineis
638 1789 740 1863 agunt
772 1778 814 1842 ad
844 1787 944 1863 caput
972 1777 1089 1859 fontis3

110 1878 200 1966 quod
223 1903 326 1964 genus
344 1884 451 1966 operis
469 1883 538 1946 sine
553 1882 619 1947 ullo
636 1881 794 1968 periculo,
819 1882 887 1944 sine
904 1882 1090 1966 suspicione

109 1984 252 2048 hostium
285 1985 393 2051 faeere
416 1984 546 2050 licebat.
585 1987 777 2050 Exstruitur
800 2005 901 2069 agger
924 1985 958 2047 in
980 1982 1113 2048 altitu-5

111 2087 222 2152 dinem
255 2088 376 2173 pedum
412 2090 599 2172 sexaginta,
634 2088 816 2154 collocatur
849 2090 881 2151 iu
917 2109 955 2151 eo
991 2088 1090 2151 turris

111 2191 226 2256 decem
260 2191 498 2274 tabulatorum,
538 2215 603 2256 non
639 2193 769 2278 quidem
804 2213 886 2275 quae
920 2188 1091 2255 moenibus

113 2303 272 2380 aequaret
298 2295 344 2375 (id
360 2296 446 2360 enim
461 2295 559 2360 nullis
576 2295 729 2379 operIbus
746 2295 832 2359 effici
852 2297 1008 2380 poterat),
1034 2295 1091 2359 sed

113 2420 198 2484 quae
221 2421 376 2484 superare
400 2399 499 2464 fontis
523 2400 690 2483 fastigium
719 2407 841 2484 posset.
877 2399 931 2463 Ex
954 2422 994 2464 ea
1017 2421 1115 2464 cumo

112 2503 181 2566 tela
204 2503 375 2567 tormentis
399 2504 582 2567 iacerentur
605 2503 648 2566 ad
663 2503 763 2568 fontis
781 2502 915 2586 aditum,
940 2523 1000 2567 nec
1024 2504 1093 2567 sine

113 2606 262 2691 periculo
279 2617 414 2693 possent
430 2609 545 2693 aquari
563 2606 730 2693 oppidani,
747 2629 814 2672 non
830 2615 956 2671 tantum
973 2629 1094 2693 pecora

116 2718 214 2794 atque
236 2711 390 2794 iumenta,
417 2713 474 2776 sed
498 2713 597 2775 etiam
615 2731 736 2794 magna
752 2711 896 2776 hostium
917 2709 1093 2776 multitudo

117 2815 171 2878 siti
195 2813 461 2879 consumebatur.

202 2917 254 2982 42.
284 2917 358 2999 Quo
388 2919 475 2984 malo
499 2917 663 3004 perterriti
695 2917 851 3003 oppidani
879 2940 981 3004 cupas
1005 2940 1093 2996 sevo,

118 3023 203 3105 pice,
220 3022 386 3086 scandulis
403 3020 586 3106 complent3
610 3044 666 3086 eas
686 3021 839 3086 ardentes
856 3024 890 3086 in
906 3043 1006 3107 opera
1022 3043 1095 3105 pro·
1195 3063 1199 3085 1

117 3124 255 3190 volvunt
278 3125 458 3211 eodemque
475 3135 621 3210 tempore
645 3126 803 3189 acerrime
824 3123 1036 3210 proeliantur,
1061 3134 1096 3188 ut

118 3228 161 3293 ab
185 3228 336 3294 incendio
364 3228 595 3313 restinguendo
626 3229 845 3293 dImicationis
872 3226 1017 3312 periculo
1042 3227 1095 3290 de·

118 3341 263 3398 terreant
285 3334 462 3399 Romanos.
485 3333 609 3417 Magna
624 3341 758 3417 repente
781 3334 815 3395 in
838 3332 918 3416 ipsis
943 3328 1118 3416 operibuss

119 3437 253 3501 flamma
276 3439 410 3501 exstitit.
443 3435 678 3522 Quaecumque
701 3437 786 3499 enim
803 3456 861 3518 per
876 3433 984 3499 locum
1007 3455 1099 3517 prae·

119 3540 254 3625 cipitem
276 3541 377 3605 missa
401 3548 503 3622 erant,
528 3562 567 3605 ea
590 3540 694 3604 vineis
718 3546 750 3602 et
773 3558 895 3622 aggere
920 3559 1098 3624 suppressa
