2430 4028
342 266 452 318 uranu
471 265 531 330 vu,
557 264 634 318 oar.
656 264 765 316 11-14.
988 262 1049 329 179

62 453 192 536 Quibus
219 455 317 521 rebus
349 458 508 521 confectis
537 454 663 521 Caesar
697 456 739 521 ad
771 455 928 541 oppidum
960 455 1045 520 Ava-
1071 485 1083 524 s

60 561 182 640 ricum,
218 558 306 644 quod
342 568 413 624 erat
446 560 629 625 maximum
664 561 980 646 munitissimumque
1013 561 1047 624 in

59 660 182 726 finibus
216 662 400 746 Biturigum
431 672 528 747 etque
558 665 628 745 agri
667 662 870 728 fertilissima
902 664 1046 749 regione,

59 765 229 850 profectus
264 776 323 847 est,
362 765 451 852 quod
483 788 521 829 eo
551 766 673 852 oppido
708 775 841 852 recepto
877 769 1046 833 civitatem

56 869 246 955 Biturigum
270 893 305 934 se
327 872 361 934 in
384 879 582 956 potestatem
606 869 814 936 reducturum
847 870 1044 935 confidebat.

148 973 198 1037 14.
220 975 472 1058 Vercingetorix
494 984 543 1039 tot
559 976 723 1039 continuis
741 974 959 1040 incommodis
975 973 1047 1039 Vel·

57 1078 249 1158 launoduui,
268 1076 408 1160 Genabi,
425 1077 612 1143 Novioduni
637 1080 784 1161 acceptis
809 1100 886 1144 suos
909 1078 952 1143 ad
969 1100 1045 1143 con-

56 1181 170 1247 cilium
186 1190 358 1247 convocat.
378 1181 486 1246 Docet
498 1181 595 1264 longe
611 1181 678 1247 alia
689 1183 817 1249 ratione
833 1204 907 1247 esse
923 1181 1046 1246 bellum
1070 1207 1083 1245 a

56 1285 251 1369 gerendum,
276 1294 374 1371 atque
397 1295 495 1351 antea
519 1295 646 1369 gestum
670 1288 721 1351 sit.
751 1284 913 1351 Omnibus
938 1286 1044 1350 modis

55 1389 134 1453 huic
164 1390 212 1453 rei
235 1389 446 1464 studendum,
482 1398 518 1453 ut
545 1388 759 1474 pabulatione
794 1399 826 1454 et
860 1399 1045 1453 commeatu

55 1492 200 1558 Romani
221 1491 466 1575 prohibeantur.
489 1491 529 1556 ld
552 1513 624 1556 esse
646 1491 754 1571 facile,
786 1493 875 1577 quod
898 1492 1079 1577 equitatur

54 1595 119 1682 ipsi
150 1594 323 1660 abundent
352 1604 384 1660 et
413 1595 502 1681 quod
531 1597 608 1659 anni
638 1605 784 1679 tempore
824 1595 1041 1661 subleventur.

54 1699 221 1765 Pabulum
256 1701 360 1764 secari
393 1720 459 1763 non
494 1721 613 1784 posse,
653 1701 841 1764 necessario
878 1700 1080 1785 dispersosr

56 1803 173 1869 hostes
202 1825 246 1868 ex
274 1802 433 1867 aedificiis
462 1813 591 1888 petere:
626 1802 687 1866 hos
712 1824 824 1867 omnes
853 1803 971 1867 cotidie
1002 1803 1044 1867 ab

54 1906 221 1994 equitibus
236 1905 336 1971 deleri
358 1928 466 1991 posse.
488 1907 663 1970 Praeterea
680 1905 793 1970 salutis
810 1928 910 1971 causa
926 1909 971 1970 rei
987 1908 1034 1973 fa·
1068 1930 1081 1969 s

54 2009 193 2076 miliario
214 2009 388 2075 commoda
408 2008 626 2092 neglegenda:
649 2011 740 2073 vicos
763 2019 861 2094 atque
884 2006 1042 2078 aedificia

55 2113 191 2180 incendi
217 2123 367 2199 oportere
396 2112 458 2178 hoc
489 2116 596 2198 spatio
627 2111 727 2177 obvia
757 2132 888 2200 quoquo
919 2137 1034 2182 versus

55 2241 121 2306 quo
145 2216 326 2303 pabulandi
350 2239 451 2282 causa
476 2217 566 2282 adire
590 2238 688 2301 posse
706 2215 889 2280 videantur.
914 2220 1043 2285 Harum
1065 2243 1077 2280 o

53 2323 136 2409 ipsis
169 2343 277 2386 rerum
311 2323 443 2406 copiam
477 2329 660 2405 suppetere,
696 2320 801 2404 quod,
838 2344 974 2406 quorum
1009 2326 1041 2386 in

54 2423 178 2491 finibus
205 2423 327 2490 bellum
357 2433 500 2509 geratur,
535 2446 647 2489 eorum
672 2422 790 2507 opibus
815 2423 1041 2508 subleventur,

53 2530 224 2596 Romanos
249 2538 306 2594 aut
328 2529 474 2612 inopiam
496 2550 563 2593 non
585 2528 710 2593 laturos
735 2537 791 2592 aut
814 2549 933 2612 magno
958 2530 1040 2612 peri·
1065 2551 1076 2588 r

56 2633 132 2699 culo
156 2633 288 2716 longius
311 2631 354 2697 ab
371 2635 489 2697 castris
505 2654 735 2717 processuros3
759 2653 866 2717 neque
882 2635 1040 2698 interesse
1065 2656 1078 2694 e

52 2737 189 2822 ipsosne
211 2735 418 2817 interficiant,
441 2735 726 2820 impedimentisne
749 2743 892 2816 exuant,
923 2736 1041 2821 quibus

56 2841 188 2905 amissis
216 2838 339 2903 bellum
367 2841 434 2923 geri
457 2862 522 2904 non
552 2840 667 2924 possit.
718 2839 894 2904 Praeterea
919 2841 1075 2925 oppidao

54 2942 188 3009 incendi
205 2951 367 3028 oportere,
392 2965 476 3028 quae
498 2965 564 3008 non
580 2943 761 3008 munitione
785 2953 817 3007 et
840 2942 904 3007 loci
921 2954 1041 3008 natura

57 3047 101 3112 ab
127 3049 307 3113 omni-sint
322 3048 467 3133 periculo
491 3056 571 3128 tuta,
589 3069 653 3111 neu
677 3048 744 3111 suis
768 3048 833 3110 sint
848 3046 890 3110 ad
915 3046 1040 3112 detrae-

51 3149 190 3215 tandam
223 3152 374 3216 militiam
402 3149 612 3236 receptacula
646 3172 710 3214 neu
740 3149 896 3214 Romanis
924 3172 1040 3236 propo·

52 3256 116 3320 sita
140 3254 185 3320 ad
215 3255 345 3339 copiam
369 3263 569 3318 commeatus
593 3253 815 3338 praedemque
847 3252 1037 3319 tollendam.

52 3356 146 3422 Haec
177 3357 204 3422 si
234 3360 350 3440 gravia
377 3366 435 3421 aut
469 3356 590 3422 acerba
623 3355 813 3437 videantur,
845 3356 947 3421 multo
984 3357 1078 3422 illato

53 3462 189 3544 gratim
205 3460 387 3543 aestimare,
396 3458 528 3542 liberos,
542 3460 698 3542 coniuges
714 3462 746 3522 in
761 3460 950 3524 servitutem
963 3458 1037 3525 abs·

51 3563 147 3637 ualui,
166 3561 259 3648 ipsos
281 3561 437 3646 interfici3
459 3584 543 3647 quae
560 3565 602 3626 sit
618 3584 752 3627 necesse
769 3562 918 3627 accidere
931 3564 1038 3628 vietis

827 3681 881 3730 12*
