2430 4028
137 248 201 313 200
447 250 497 298 ns
515 248 636 298 nerino
657 247 816 298 eunuco

137 438 222 521 gulis
240 438 424 521 legionibus
438 439 652 522 praefecerat,
669 438 747 522 quid
759 438 830 502 fieri
843 436 932 520 velit,
956 437 1120 517 ostendit,

136 542 296 627 imprimis
325 549 451 620 monet,
487 549 523 604 ut
551 541 743 606 contineant
770 540 905 621 milites,
939 562 982 605 ne
1012 540 1119 605 studio

136 644 303 729 pugnandi
339 654 396 709 aut
429 667 487 731 spe
519 645 662 731 praedae
693 645 823 729 longius
849 644 1118 732 progrediantur;

112 748 214 833 equid
237 748 392 832 iniquitas
408 749 474 814 loci
489 747 612 814 habeat
627 746 838 830 incommodi,
862 748 1036 833 proponit3
1058 747 1119 812 hoc

135 874 201 915 una
217 850 385 917 celeritate
401 874 499 936 posse
515 853 653 934 mutari3
670 852 856 916 occasionis
869 873 941 916 esse
957 873 1039 934 rem,
1056 874 1119 916 non

100 953 261 1039 roproelii.
284 955 347 1019 His
370 954 468 1020 rebus
484 957 644 1040 expositis
664 956 793 1038 signum
811 955 869 1019 dat
883 965 916 1019 et
937 954 982 1020 ab
998 955 1118 1020 dextra

135 1066 228 1142 parte
258 1057 323 1122 alio
353 1081 493 1123 ascensu
523 1057 639 1123 eodem
668 1066 816 1142 tempore
845 1058 981 1123 Aeduos
1008 1060 1118 1124 mittit.

222 1161 273 1224 46.
300 1160 422 1247 Oppidi
439 1184 550 1225 murus
563 1160 605 1225 ab
623 1159 764 1246 planicie
780 1169 880 1247 atque
894 1162 989 1227 initio
1006 1184 1117 1227 ascen·

136 1287 190 1330 sus
214 1274 305 1328 recta
328 1265 478 1348 regione,
512 1267 537 1327 si
568 1263 677 1328 nullus
700 1265 869 1329 anfractus
891 1265 1117 1331 intercederet.

111 1386 204 1433 allec
227 1391 345 1453 passus
369 1368 499 1433 aberat:
524 1368 682 1454 quidquid
704 1367 768 1433 huc
793 1370 949 1434 circuitus
972 1369 1017 1433 ad
1040 1369 1116 1433 mol·

135 1471 279 1536 liendum
303 1470 422 1536 clivum
440 1481 638 1554 accesserat,
664 1471 697 1535 id
713 1474 854 1557 spatium
871 1473 997 1537 itineris
1021 1495 1116 1556 auge

111 1574 200 1644 sbat.
226 1575 254 1638 A
279 1575 386 1640 medio
409 1575 478 1639 fere
502 1574 586 1639 colle
608 1577 642 1639 in
664 1574 911 1660 longitudinem,
937 1586 976 1640 ut
997 1590 1116 1643 natura

133 1681 252 1744 montis
265 1679 401 1760 ferebat,
416 1702 457 1742 ex
469 1677 650 1762 grandibus
667 1680 757 1743 saxis
772 1700 831 1742 sex
842 1677 962 1764 pedum
974 1701 1113 1760 murum,

132 1785 185 1867 qui
204 1792 388 1847 nostrorum
405 1782 562 1867 impetum
578 1782 739 1858 tardaret,
764 1782 1012 1867 praeduxerant
1026 1782 1113 1849 Galli

132 1895 231 1971 atque
254 1886 407 1951 inferiore
424 1888 512 1950 omni
529 1888 637 1970 spatio
656 1907 761 1950 vacuo
782 1883 897 1949 relicto
914 1888 1115 1971 superiorem

131 1999 258 2074 partem
287 1989 509 2074 collisusque
537 1988 580 2054 ad
603 2011 732 2054 murum
768 1987 880 2074 oppidi
909 1988 1115 2056 densissimis

109 2096 251 2158 icastris
281 2092 535 2177 compleverant.
582 2092 702 2156 Milites
731 2092 808 2157 dato
838 2092 933 2177 signo
964 2092 1116 2159 celeriter

132 2197 174 2260 ad
198 2199 411 2262 munitionem
435 2199 629 2281 perveniunt
644 2218 781 2282 eamque
800 2199 998 2281 transgressi
1019 2199 1113 2263 trinis

109 2303 249 2366 scastris
272 2302 456 2385 potiuntur;
480 2322 520 2364 ac
544 2308 636 2364 tanta
659 2301 720 2365 fuit
742 2302 777 2364 in
799 2300 919 2364 castris
940 2301 1112 2385 capiendis

130 2403 291 2487 celeritas,
315 2414 352 2469 ut
364 2405 590 2486 Teutomatus,
613 2426 672 2469 rex
687 2402 928 2488 Nitiobrogum,
952 2402 1065 2469 subito
1081 2406 1112 2468 in

130 2508 344 2573 tabernaculo
359 2530 549 2593 oppressus,
565 2519 602 2573 ut
613 2508 748 2573 meridie
760 2509 1006 2593 conquieverat,
1019 2530 1113 2594 supe

129 2615 214 2676 riore
244 2614 391 2696 corporis
415 2621 509 2696 parte
533 2612 668 2693 nudata,
692 2610 863 2675 vulnerato
888 2631 973 2696 equo
997 2612 1113 2676 rixae

131 2738 172 2779 ex
195 2715 349 2781 manibus
372 2716 602 2802 praedantium
625 2714 764 2779 militum
793 2716 943 2799 eriperet.

214 2817 266 2882 47.
300 2818 503 2884 Consecutus
533 2819 584 2900 id,
620 2818 707 2905 quod
746 2819 855 2884 animo
883 2827 1113 2904 proposuerat,

131 2920 255 2987 Caesar
278 2924 426 3008 receptui
442 2924 516 2986 cani
535 2922 630 2986 iussit
644 2921 830 3006 legionique
854 2919 1013 3004 decimae,
1038 2944 1113 3008 qua·

106 3048 205 3090 scum
229 3035 310 3108 erat,
336 3028 567 3091 concionatum
587 3027 681 3109 signa
704 3026 884 3089 constituit.
908 3025 959 3089 Ao
975 3023 1113 3111 reliqua·

128 3151 199 3193 rum
216 3130 381 3212 legionum
398 3128 517 3193 milites
536 3151 603 3193 non
619 3128 775 3193 exaudito
793 3149 874 3193 sono
890 3126 1002 3209 tubae,
1025 3127 1112 3214 quod

130 3234 210 3296 satis
233 3255 353 3317 magna
377 3233 479 3298 valles
502 3230 744 3314 intercedebat,
773 3241 882 3295 tamen
904 3229 947 3296 ab
972 3229 1112 3298 tribunis

127 3335 267 3400 militum
297 3335 496 3421 legatisque,
526 3344 562 3399 ut
586 3344 656 3399 erat
678 3357 698 3399 a
721 3332 865 3399 Caesare
887 3342 1111 3420 praeceptum,

105 3439 365 3505 aretinebantur.
407 3438 474 3505 Sed
496 3437 573 3503 elati
597 3461 656 3524 spe
679 3437 795 3503 celeris
817 3439 979 3503 victoriae
1001 3448 1036 3503 et
1057 3438 1111 3503 bo·

128 3545 226 3607 stium
241 3542 321 3628 fuga
337 3552 369 3608 et
385 3543 589 3627 superiorum
605 3550 790 3628 temporum
807 3540 960 3608 secundis
975 3540 1111 3629 proeliis
