2430 4028
353 283 463 333 mnne
480 283 516 348 11,
536 283 613 336 car.
634 285 742 333 17-21.
997 283 1039 346 53

59 471 126 538 Ubi
142 473 249 558 prima
271 472 505 558 impedimenta
528 474 632 538 nostri
656 476 820 539 exercitus
844 474 886 538 ab
910 474 959 552 iis,
983 476 1061 559 quis

56 576 93 639 in
118 574 206 640 silvis
239 575 342 641 abditi
365 575 527 661 latebant,
563 578 635 643 vise
664 588 757 660 sunt,
793 577 880 664 quod
911 587 1039 662 tempus

57 683 145 746 inter
172 703 227 746 cos
258 680 481 746 committendi
512 681 626 765 proelii
657 692 865 763 convenerat,
895 691 931 745 ut
953 684 1039 746 intra

58 784 163 850 silvas
196 785 302 849 aciem
336 784 532 869 ordinesque
567 786 806 850 constituerant
841 793 940 870 atque
976 786 1040 869 ipsi

57 911 133 952 sese
157 888 446 971 confirmaverant,
477 888 584 953 subito
615 888 765 952 omnibus
790 889 894 973 copiis
920 911 1039 974 provo-

56 992 211 1056 laverunt
244 992 466 1076 impetumque
499 994 532 1056 in
566 1002 697 1057 nostros
727 994 851 1077 equites
882 995 1061 1062 fecerunta

57 1096 123 1159 His
146 1093 244 1160 facile
268 1094 371 1180 pulsis
395 1117 434 1159 ac
450 1094 651 1180 proturbatis
673 1095 856 1159 incredibili
874 1095 1040 1162 celeritate

54 1197 101 1262 ad
124 1197 243 1262 flumen
273 1197 537 1273 decucurrerunt,
567 1207 602 1262 ut
624 1219 728 1282 paene
751 1220 815 1262 uno
838 1207 986 1285 tempore
1009 1209 1041 1264 et

1060 1296 1068 1331 l

55 1302 102 1366 ad
126 1299 227 1366 silvas
257 1311 290 1366 et
321 1305 354 1368 in
377 1301 510 1366 flumine
540 1312 573 1367 et
600 1304 666 1367 iam
689 1305 721 1368 in
746 1303 897 1367 manibus
919 1306 1070 1376 nostriss

55 1405 255 1470 viderentur.
300 1405 426 1470 Eadem
457 1415 566 1471 autem
596 1406 762 1471 celeritate
793 1406 932 1472 adverso
956 1407 1063 1477 colles

57 1510 103 1574 ad
128 1518 242 1574 nostra
264 1519 375 1575 castra
397 1519 496 1595 atque
526 1533 597 1592 eos,
633 1513 744 1595 quiin
768 1533 865 1597 opere
890 1514 1040 1596 occupati

56 1621 163 1696 erant,
187 1613 434 1679 contenderunt.

145 1713 197 1780 20.
222 1714 355 1781 Caesari
380 1720 490 1782 omnia
519 1740 582 1782 uno
607 1727 754 1803 tempore
777 1727 871 1783 erant
893 1719 1040 1801 agenda:

54 1818 217 1884 vexillum
240 1819 490 1904 proponendum
518 1821 710 1905 [quoderat
734 1824 870 1904 insigne,
902 1844 974 1886 cum
998 1822 1042 1887 ad

56 1946 152 1989 arma
176 1925 325 1987 concurri
350 1924 541 2010 oporteretl,
567 1926 694 2010 signum
718 1925 799 1990 tuba
820 1926 974 2002 dandum,
998 1926 1040 1990 ab

56 2050 158 2112 opere
186 2027 364 2091 revocandi
388 2027 525 2112 milites,
558 2031 611 2114 qui
635 2029 732 2114 paulo
757 2029 887 2113 longius
911 2032 1041 2114 aggeris

56 2131 192 2217 petendi
217 2152 318 2194 causa
341 2143 571 2217 processerant
594 2129 791 2215 arcessendi,
815 2135 903 2198 acies
926 2135 1042 2197 instru.

1168 1264 1200 1351 l

56 2235 156 2318 enda,
181 2233 301 2298 milites
325 2233 528 2312 cohortandi,
554 2238 681 2319 signum
705 2237 859 2300 dandum.
895 2235 1063 2316 Quarume
1165 2272 1168 2280 ·

52 2361 167 2404 rerum
200 2359 355 2421 magnam
389 2347 516 2422 partem
545 2340 701 2423 temporis
732 2339 877 2404 brevitas
906 2351 938 2404 et
973 2363 1042 2405 suc·

57 2464 176 2506 cessus
199 2440 343 2505 hostium
367 2441 575 2526 impediebat.
600 2443 661 2506 His
685 2442 933 2509 difficultatibus
958 2444 1062 2509 duaes

55 2569 111 2610 res
144 2553 237 2609 crant
272 2544 438 2624 subsidio,
476 2547 614 2610 scientia
648 2555 746 2632 atque
781 2571 859 2612 usus
894 2548 1041 2629 militurn,

57 2647 149 2735 quod
173 2649 395 2736 superioribus
414 2649 546 2734 proeliis
570 2652 750 2733 exercitati,
768 2653 845 2736 quid
862 2652 930 2716 fieri
948 2674 1043 2736 opor.

54 2763 150 2834 teret,
181 2775 246 2817 non
275 2755 381 2819 minus
413 2755 586 2821 commode
616 2756 679 2840 ipsi
709 2755 770 2819 sibi
805 2756 1039 2841 praescribere,

58 2879 161 2943 qnam
196 2856 238 2921 ab
273 2857 345 2921 aliis
376 2857 483 2922 doceri
509 2857 678 2941 poterant‚'
712 2868 744 2923 et
768 2859 855 2944 quod
879 2858 921 2923 ab
945 2882 1042 2945 opere

55 2960 260 3046 singulisque
289 2960 472 3044 legionibus
505 2962 650 3045 singulos
682 2962 808 3046 legatos
833 2963 956 3029 Caesar
979 2964 1042 3030 dis-

57 3064 179 3129 cedere
201 3065 264 3128 nisi
280 3063 412 3128 munitis
430 3068 547 3130 castris
569 3076 726 3130 vetuerat.
752 3068 796 3130 Hi
820 3077 953 3151 propter
969 3088 1062 3153 pro-4

58 3168 278 3254 pinquitatem
295 3178 327 3233 et
343 3166 542 3233 celeritatem
555 3169 698 3235 hostium
715 3169 795 3234 nihil
811 3172 877 3234 iam
887 3169 1039 3236 Caesaris

55 3274 232 3357 imperium
249 3270 500 3357 exspectabant,
521 3272 580 3337 scd
595 3295 654 3357 per
670 3295 714 3356 se,
732 3296 816 3359 quae
832 3273 1039 3359 videbantur,

59 3374 349 3441 administrabant.

143 3475 195 3541 21.
221 3476 346 3543 Caesar
377 3483 571 3544 necessariis
601 3480 698 3546 rebus
730 3483 898 3566 imperatis
921 3482 965 3546 ad
989 3504 1040 3546 co·

54 3581 238 3648 hortandos
272 3581 410 3663 milites,
445 3605 543 3669 quam
580 3585 612 3647 in
647 3593 773 3667 partem
810 3583 878 3648 fors
913 3585 1041 3668 obtulit,
