2430 4028
123 251 164 314 76
431 251 481 301 nn
500 252 621 302 nanno
641 251 799 303 osnnrco

122 440 220 505 rebus
237 442 350 526 profici
368 464 466 527 posse
481 443 720 523 intellexerunt,
737 444 865 529 legatos
887 445 931 510 ad
947 443 1107 511 Crassum

122 547 255 609 mittunt
278 567 377 630 seque
392 548 425 609 in
444 546 642 611 deditionem
664 558 700 612 ut
715 549 863 634 recipiat,
880 556 1006 632 petunt.
1032 548 1107 630 Qua

121 673 156 714 re
179 651 353 734 impetrata
376 671 467 713 arma
491 648 619 715 tradere
642 652 722 715 iussi
743 650 879 716 faciunt.

208 751 259 814 22.
284 753 393 837 Atque
415 755 448 817 in
473 775 512 816 ea
534 776 569 817 re
594 757 738 819 omnium
760 764 947 821 nostrorum
972 757 1106 822 intentis

123 857 241 920 animis
258 856 324 920 alia
340 878 381 921 ex
397 867 489 940 parte
507 855 621 943 oppidi
636 857 853 934 Adiatunnus,
870 861 926 946 qui
942 882 1106 926 summam

123 961 249 1043 imperii
274 959 417 1039 tenebat,
441 982 516 1024 oum
538 976 584 1024 Dc
601 960 738 1044 devotis,
762 984 844 1047 quos
868 963 915 1028 ilii
939 964 1106 1032 soldurios

103 1062 304 1148 cappellam,
329 1085 467 1149 quorum
495 1061 578 1127 haec
606 1074 656 1128 est
690 1065 853 1149 condicio,
881 1076 919 1131 ut
952 1068 1107 1134 omnibus

123 1169 155 1230 in
179 1167 247 1230 vita
271 1167 452 1232 commodis
475 1188 541 1231 una
564 1189 637 1232 cum
660 1170 699 1234 iis
722 1169 881 1249 fruantur,
906 1193 1046 1258 quorum
1072 1195 1106 1238 se

124 1271 288 1334 amicitiae
317 1269 507 1346 dediderint,
539 1273 566 1334 si
595 1272 672 1357 quid
701 1271 751 1337 his
778 1295 838 1358 per
866 1275 933 1340 vim
961 1274 1105 1356 accidat,

124 1383 182 1438 aut
204 1374 342 1438 eundem
366 1396 479 1438 casum
503 1373 690 1440 unaferant
713 1386 770 1440 aut
793 1376 854 1442 sibi
870 1387 1011 1443 mortem
1030 1400 1106 1445 con·

103 1467 412 1562 asciscant3'neque
443 1476 552 1542 adhuc
580 1478 747 1545 hominnm
771 1483 928 1546 memoria
957 1492 1107 1568 repertus

125 1593 174 1647 est
198 1583 381 1668 quisquam,
405 1583 459 1666 qni
484 1603 521 1646 eo
546 1583 735 1665 interfecto,
766 1586 857 1648 cuius
882 1606 917 1649 se
940 1587 1106 1653 amicitiae

102 1685 334 1762 devovisset,
370 1686 451 1748 mori
485 1696 665 1751 recusaret:
700 1709 774 1752 cum
808 1687 859 1754 his
893 1687 1106 1758 Adiatunnus

125 1795 328 1877 eruptionem
363 1793 471 1857 facere
495 1803 643 1874 conatus,
678 1794 822 1859 clamore
858 1792 900 1857 ab
935 1815 978 1858 ea
1011 1805 1107 1881 parte

124 1898 313 1962 munitionis
343 1895 490 1981 sublato,
524 1919 597 1961 cum
626 1898 669 1962 ad
697 1918 789 1962 arma
817 1896 936 1962 milites
970 1919 1109 1963 concur-

125 2002 245 2066 rissent
267 2000 538 2086 vehementerque
561 2000 607 2065 ibi
628 2011 807 2086 pugnatum
833 2009 930 2082 esset,
952 2001 1110 2086 repulsus

125 2105 159 2166 in
183 2103 339 2189 oppidum
362 2113 482 2186 tamen,
507 2106 555 2168 uti
578 2103 693 2169 eadem
710 2103 886 2170 deditionis
910 2103 1109 2172 condicione

124 2214 277 2282 uteretur,
302 2206 343 2271 ab
367 2204 489 2273 Crasso
512 2209 709 2293 impetravit.

209 2309 261 2373 23.
285 2307 395 2374 Armis
413 2309 649 2394 obsidibusque
661 2313 807 2396 acceptis
821 2310 960 2376 Crassus
978 2313 1013 2376 in
1025 2312 1110 2378 fines

102 2413 301 2478 2Vocatium
329 2423 361 2477 et
383 2414 591 2478 Tarusatium
622 2415 788 2498 profectus
812 2425 872 2480 est.
918 2415 1005 2481 Tum
1027 2438 1110 2483 vero

123 2517 254 2582 barbari
284 2518 448 2599 commoti,
474 2517 561 2603 quod
591 2518 746 2604 oppidum
776 2528 810 2583 et
832 2527 950 2585 natura
980 2519 1049 2585 loci
1078 2528 1112 2585 et

123 2642 220 2685 manu
251 2623 411 2685 munitum
445 2622 560 2706 paucis
596 2620 721 2701 diebus,
746 2621 863 2707 quibus
897 2644 937 2688 eo
971 2632 1111 2689 ventum

124 2734 205 2806 erat,
229 2733 451 2809 expugnatum
476 2734 709 2806 cognoverant,
733 2724 862 2809 legatos
878 2746 1011 2811 quoquo
1035 2750 1112 2794 ver·

124 2850 196 2892 sum
220 2827 391 2906 dimittere,
416 2828 597 2906 coniurare,
622 2825 755 2892 obsides
777 2829 862 2892 inter
885 2829 1027 2913 sedare,
1053 2853 1112 2896 co·

101 2932 197 3016 epias
220 2952 339 3014 parare
362 2938 551 3014 coeperunt.
575 2929 750 2995 Mittuntur
768 2934 864 2996 etiam
888 2931 930 2996 ad
956 2955 1014 2997 eas
1030 2936 1113 3000 civi·

122 3043 207 3097 tates
221 3032 332 3118 legati,
356 3054 440 3117 quae
464 3042 539 3096 sunt
555 3032 715 3098 citerioris
732 3034 914 3118 Hispaniae
938 3034 1106 3104 finitimae

102 3136 337 3222 rAqnitaniae:
361 3135 438 3200 inde
453 3136 577 3199 auxilia
593 3136 760 3222 ducesque
775 3146 996 3203 arcessuntur.
1018 3138 1112 3220 Quo·

124 3262 195 3303 rum
211 3239 354 3303 adventu
377 3259 591 3322 magnacum
615 3241 810 3305 auctoritate
833 3251 865 3306 et
887 3261 1010 3324 magna
1032 3264 1110 3311 cum

103 3340 292 3407 ehominnm
308 3341 516 3407 multitudine
531 3341 654 3407 bellum
669 3364 784 3427 gerere
800 3353 971 3410 conantur.
993 3345 1112 3413 Duces

126 3468 204 3511 vero
237 3448 260 3510 ii
289 3446 491 3530 deliguntur,
524 3448 578 3530 qui
606 3468 673 3510 una
702 3468 775 3512 cum
808 3447 931 3529 Quinto
961 3446 1111 3517 Sertorio

126 3570 239 3613 omnes
255 3570 359 3614 annos
381 3549 512 3614 fuerant
528 3570 751 3635 summamque
768 3553 937 3616 scientiam
960 3554 1008 3617 rei
1024 3553 1111 3620 mili·
