2430 4028
128 254 169 317 70
435 256 485 306 DE
504 254 623 305 BELLO
644 254 801 304 GALLIO-0

215 449 263 511 13.
292 448 441 533 Namque
470 450 618 532 ipsorum
650 430 757 512 naves
787 447 830 510 ad
857 444 944 510 hunc
975 444 1113 510 modum

127 552 236 617 sactae
271 560 481 635 armataeque
515 560 628 615 erant:
668 552 801 614 carinae
835 548 1005 635 aliquanto
1042 547 1112 633 pla·

127 657 236 719 niores
261 676 358 740 qnam
386 661 574 718 nostrarum
601 655 746 735 navium,
771 675 834 739 quo
866 652 998 717 facilius
1021 652 1111 716 vada

128 782 167 822 ac
192 759 363 823 decessum
393 767 505 821 aestus
534 758 685 840 excipere
714 765 872 842 possent3
909 776 1030 841 prorae
1054 753 1110 819 ad·

106 862 261 926 2modum
278 871 406 925 erectae
430 869 528 945 atque
544 861 622 925 item
638 882 765 945 puppes
789 858 832 925 ad
846 857 1111 942 magnitudinem

109 966 283 1029 8flnctuum
294 972 589 1049 tempestatumque
601 962 886 1044 accommodatam
902 983 1006 1027 naves
1018 970 1111 1026 totae

127 1070 235 1133 factae
267 1092 308 1132 ex
331 1067 450 1132 robore
473 1067 517 1131 ad
540 1069 690 1152 quamvis
713 1067 779 1130 vim
809 1075 841 1130 et
874 1063 1109 1129 contumeliam

105 1171 368 1256 ⁴perserendarn3
395 1179 540 1234 transtra
562 1169 735 1254 pedalibus
758 1170 791 1233 in
815 1167 1021 1232 altitudinem
1045 1177 1111 1232 tra

125 1275 222 1339 bibus
246 1274 378 1340 confixa
401 1275 504 1339 clavis
532 1275 645 1339 ferreis
673 1273 766 1357 digiti
795 1272 926 1361 pollicis
954 1274 1110 1337 crassitu-

103 1392 113 1428 ·'=
126 1378 215 1460 dine3
239 1399 381 1442 ancorae
403 1400 462 1462 pro
485 1376 618 1442 funibus
640 1376 754 1441 ferreis
770 1377 896 1441 catenis
918 1377 1110 1453 revinctae3

103 1481 225 1565 6pelles
248 1503 307 1566 pro
331 1480 412 1545 velis
435 1480 608 1566 alutaeque
631 1481 772 1544 tenuiter
788 1480 970 1561 confectae,
997 1475 1106 1564 [haec]

127 1586 195 1647 sive
218 1594 353 1669 propter
383 1584 439 1647 lini
469 1585 614 1668 inopiam
638 1593 736 1669 atque
767 1585 836 1649 eius
866 1604 946 1648 usus
968 1584 1111 1648 inscien-

127 1689 229 1771 tiam,
268 1689 337 1750 sive
371 1710 433 1770 eo,
467 1688 555 1773 quod
585 1698 634 1752 est
661 1690 767 1773 magis
790 1686 984 1766 verisimile,
1019 1685 1110 1773 qnod

123 1799 233 1855 tantas
262 1800 475 1875 tempestates
505 1790 628 1856 Oceani
659 1801 834 1876 tantosque
862 1792 1006 1874 impetus
1028 1811 1108 1854 ven-

124 1904 230 1958 torum
262 1895 412 1958 sustineri
442 1916 481 1959 ac
511 1904 603 1959 tanta
633 1916 732 1959 onera
760 1895 893 1958 navium
923 1895 994 1975 regi
1025 1893 1110 1958 velis

103 2019 190 2061 :non
215 1999 297 2061 satis
324 1997 496 2062 commode
525 2020 623 2083 posse
651 1998 904 2062 arbitrabantur.
949 1994 1110 2061 (lumbis

125 2101 264 2166 navibus
306 2111 439 2166 nostrae
476 2101 573 2166 classi
605 2103 762 2167 eiusmodi
794 2123 994 2185 congressus
1024 2110 1109 2183 erat,

123 2216 159 2269 ut
181 2228 247 2269 una
271 2205 437 2270 celeritate
467 2215 500 2269 et
522 2205 619 2292 pulsu
642 2227 803 2270 remorum
834 2213 1031 2290 praestaret,
1060 2226 1110 2269 re·

125 2308 213 2393 liqna
229 2330 287 2392 pro
312 2307 378 2373 loci
396 2319 524 2390 natura,
541 2332 601 2394 pro
617 2311 649 2373 vi
665 2317 898 2394 tempestatum
914 2306 979 2371 illis
995 2318 1112 2373 essent

101 2415 254 2495 eaptiora
277 2421 308 2474 et
331 2411 642 2476 accommodatiora.
665 2413 780 2498 Neque
803 2415 889 2476 enim
905 2410 955 2474 his
971 2421 1111 2475 nostrae

123 2525 228 2578 rostro
253 2536 373 2578 nocere
396 2524 548 2599 poterant
572 2520 676 2591 (tanta
699 2516 731 2578 in
759 2516 799 2578 iis
823 2523 893 2578 erat
914 2512 1110 2595 firmitudo),

123 2640 227 2702 neque
251 2625 385 2702 propter
414 2617 618 2682 altitudinem
648 2617 745 2681 facile
769 2616 868 2681 telum
899 2614 1110 2699 adigebatur,

125 2731 156 2784 et
179 2719 294 2784 eadem
324 2720 365 2783 de
387 2743 491 2785 eausa
513 2723 619 2785 minus
649 2719 822 2785 commode
852 2718 980 2805 copulis
1006 2722 1101 2784 conti

101 2823 293 2888 ¹tuebantur.
323 2824 527 2905 Accedebat,
556 2835 601 2905 ut,
626 2848 699 2889 cnm
723 2826 849 2890 saevire
876 2832 994 2888 ventus
1033 2844 1113 2888 coe-

125 2929 226 3012 pisset
249 2937 281 2991 et
305 2951 340 2992 se
355 2939 452 2992 vento
471 2927 647 3010 dedissent,
673 2938 706 2992 et
728 2935 956 3012 tempestatem
979 2925 1110 2991 ferrent

123 3031 252 3097 facilius
276 3041 308 3095 et
337 3034 370 3094 in
393 3031 488 3096 vadis
512 3033 729 3096 consisterent
751 3033 851 3096 tutius
883 3040 916 3094 et
941 3027 983 3093 ab
1011 3040 1109 3093 aestu

122 3134 256 3199 relictae
272 3134 350 3199 nibil
368 3157 451 3199 saxa
475 3143 506 3199 et
522 3143 634 3198 cautes
649 3135 817 3216 timerent,
843 3155 979 3218 quarum
997 3155 1109 3196 rerum

126 3239 267 3303 onmium
292 3239 414 3302 nostris
437 3236 576 3301 navibus
607 3260 704 3302 casus
735 3248 805 3301 erat
827 3235 1108 3301 extimescendus.

211 3340 260 3403 14.
285 3339 517 3425 Compluribus
534 3342 733 3425 expugnatis
752 3339 881 3425 oppidis
898 3338 1035 3422 Caesar,
1051 3338 1109 3404 ubi

125 3443 296 3528 intellexit,
305 3445 427 3509 frustra
442 3453 569 3508 tantum
582 3443 727 3509 laborem
742 3444 825 3508 sumi
840 3465 946 3529 neque
961 3440 1109 3507 hostium

125 3542 238 3632 fugam
255 3548 361 3632 captis
386 3546 516 3632 oppidis
532 3548 663 3632 reprimi
684 3569 789 3633 neque
813 3548 853 3611 iis
869 3546 980 3611 noceri
995 3566 1109 3632 posse,
