2430 4028
346 263 457 312 ursan
473 261 534 326 vn,
553 260 630 312 cnr.
650 260 759 311 77-78.
980 256 1041 320 221

63 453 227 540 compulsi
251 475 291 517 ac
311 452 408 518 simili
430 453 544 537 inopia
568 450 696 516 subacti
713 474 825 516 eorum
841 448 1044 535 corporibus,

63 560 119 644 qui
143 566 254 622 aetate
276 554 320 620 ad
341 555 464 620 bellum
486 555 617 620 inutiles
640 552 852 626 videbantur,
876 554 979 616 vitam
1001 559 1048 616 to-

61 661 252 726 leraverunt
273 683 379 747 neque
403 683 438 724 se
461 658 609 724 hostibus
632 657 844 722 tradiderunt.
876 654 977 721 Cuius
1000 657 1046 719 rei
1057 683 1082 722 ra

64 768 90 828 si
114 765 302 850 exemplum
325 785 391 828 non
408 762 611 844 haberemus,
629 771 740 827 tamen
761 760 921 825 libertatis
945 782 1048 823 causa

62 869 190 932 institui
220 875 254 930 et
280 869 420 951 posteris
451 865 545 951 prodi
575 864 826 949 pulcherrimum
856 864 1047 929 iudicarem.

62 971 149 1036 Nam
173 969 253 1056 quid
276 970 322 1034 illi
346 969 450 1034 simile
473 969 559 1034 bello
582 968 667 1032 fuit?
701 967 913 1052 Depopulata
937 965 1048 1032 Gallia
1059 995 1083 1033 14

62 1071 188 1138 Cimbri
217 1095 402 1159 magnaque
429 1072 521 1137 illata
550 1072 738 1136 calamitate
760 1070 880 1135 finibus
915 1070 1044 1157 quidem

61 1179 184 1242 nostris
219 1175 396 1262 aliquando
438 1185 653 1240 excesserunt
687 1184 786 1259 atque
823 1175 906 1239 alias
943 1184 1048 1238 terras

62 1284 245 1367 petierunt3
268 1281 349 1362 iura,
372 1279 477 1363 leges,
502 1303 616 1363 agros,
651 1279 834 1344 libertatem
857 1277 953 1343 nobis
976 1278 1048 1342 reli-

65 1393 219 1471 querunt.
265 1384 404 1449 Romani
433 1407 510 1448 vero
535 1383 612 1469 quid
636 1392 752 1467 petunt
782 1382 871 1448 aliud
893 1390 951 1447 aut
973 1383 1049 1468 quid
1059 1402 1084 1442 15

62 1488 188 1562 volunt,
212 1488 275 1552 nisi
298 1487 423 1550 invidia
446 1486 592 1565 adducti,
616 1509 698 1570 quos
721 1486 811 1550 fama
839 1485 967 1550 nobiles
991 1508 1047 1570 po-

63 1600 235 1677 tentesque
263 1589 349 1654 bello
379 1598 620 1672 cognoverunt,
650 1588 767 1654 horum
796 1591 828 1652 in
855 1591 942 1672 agris
971 1591 1048 1653 civi-

63 1693 253 1778 tatibusque
283 1692 453 1758 considere
482 1701 581 1776 atque
611 1693 660 1756 his
684 1701 851 1757 aeternam
879 1694 1049 1775 iniungere

10 1814 14 1845 =
67 1795 284 1863 servitutem?
312 1795 426 1880 Neque
450 1797 536 1860 enim
560 1795 626 1859 ulla
657 1795 722 1858 alia
745 1794 938 1859 condicione
961 1794 1049 1860 bella

22 1918 25 1923 '
62 1908 246 1984 gesserunt.
270 1898 368 1979 Quod
391 1900 418 1962 si
435 1921 483 1975 ea,
501 1920 585 1982 quae
607 1900 639 1962 in
656 1899 841 1983 longinquis
860 1898 1049 1964 nationibus
1059 1920 1084 1959 rs

10 2056 15 2079 ;
62 2012 233 2087 geruntur,
249 2004 416 2088 ignoratis,
432 2005 587 2089 respicite
601 2005 774 2069 finitimam
791 2003 945 2085 Galliam,
965 2026 1048 2088 quae

62 2109 94 2172 in
115 2107 325 2193 provinciam
353 2106 490 2171 redacta
518 2110 588 2172 iure
618 2117 650 2171 et
680 2106 808 2191 legibus
840 2110 1049 2172 commutatis

64 2208 237 2275 securibus
262 2208 410 2274 subiecta
432 2220 592 2295 perpetua
614 2213 772 2295 premitur
796 2206 970 2275 servitute?

149 2311 204 2376 78.
228 2309 407 2377 Sententiis
421 2312 517 2379 dietis
541 2316 754 2395 constituunt,
780 2324 815 2378 ut
838 2315 873 2395 ii,
891 2316 948 2398 qui
963 2312 1050 2378 vale·

61 2416 179 2482 tudine
208 2426 266 2480 aut
287 2425 396 2482 aetate
418 2416 549 2484 inutiles
579 2426 655 2483 sunt
674 2417 774 2500 bello,
807 2417 929 2503 oppido
954 2440 1050 2482 exce-

22 2556 26 2561 ·
62 2520 165 2600 dant,
201 2527 300 2605 atque
334 2522 443 2586 omnia
476 2522 567 2606 prius
605 2523 837 2606 experiantur,
873 2543 970 2607 quam
1006 2522 1049 2586 ad

62 2621 250 2707 Critognati
273 2626 469 2690 sententiam
485 2625 704 2707 descendant3
729 2625 782 2691 illo
807 2635 916 2690 tamen
939 2627 1071 2709 potius2

61 2727 222 2793 utendum
259 2727 414 2809 consilio,
450 2730 476 2792 si
507 2751 560 2794 res
592 2738 691 2814 cogat
713 2737 811 2807 atque
834 2728 959 2793 auxilia
981 2752 1049 2794 mo-

62 2843 185 2915 rentur,
212 2853 310 2917 quam
339 2841 396 2896 aut
424 2831 600 2897 deditionis
631 2842 689 2896 aut
718 2833 809 2916 pacis
845 2831 1049 2897 subeundam

65 2935 306 3001 condicionem.
329 2933 511 3015 Mandubii,
535 2938 590 3021 qui
614 2958 670 3000 eos
695 2935 816 3020 oppido
842 2937 1070 3020 ⁴receperant‚a

63 3061 138 3105 cum
161 3037 275 3103 liberis
298 3046 397 3123 atque
420 3037 578 3103 uxoribus
595 3040 683 3102 exire
700 3047 870 3120 coguntur.
895 3039 949 3121 Hi,
974 3059 1072 3103 cums

64 3142 106 3207 ad
127 3141 327 3207 munitiones
343 3141 564 3206 Romanorum
588 3142 816 3221 accessissent,
840 3142 957 3207 flentes
982 3164 1049 3207 om-

64 3245 162 3311 nibus
178 3242 333 3329 precibus
357 3242 505 3327 orabant,
522 3253 558 3309 ut
582 3267 617 3309 se
639 3246 673 3308 in
690 3246 881 3309 servitutem
896 3254 1048 3329 receptos

64 3349 137 3414 cibo
162 3349 326 3413 iuvarent.
364 3345 410 3411 At
433 3346 557 3412 Caesar
580 3347 748 3432 dispositis
771 3350 804 3412 in
827 3346 915 3412 vallo
940 3357 1071 3412 custo-5

64 3453 161 3519 dibus
184 3452 289 3535 recipi
311 3449 517 3535 prohibebat.
