2430 4028
130 257 173 322 24
437 261 487 308 nn
505 261 626 310 sunno
646 260 804 314 Gannico

107 458 304 535 sproptcrca
326 449 415 536 quod
436 451 571 536 reliquis
594 460 704 517 tamen
727 455 825 539 fugae
850 453 992 521 facultas
1015 454 1112 521 darc·

128 560 192 634 tur,
216 550 379 639 Sequanis
402 576 490 637 vero,
515 555 570 640 qui
592 556 679 621 intra
700 556 782 622 fines
806 581 883 623 suos
905 557 1112 623 Ariovistum

129 658 340 741 recepissent,
365 680 501 744 quorum
525 658 648 744 oppida
671 662 780 725 omnia
802 662 835 725 in
851 670 1014 747 potestate
1038 662 1111 726 eius

128 770 247 840 essent,
273 783 385 840 omnes
408 763 573 826 cruciatus
597 771 706 827 essent
728 763 925 848 perferendi.

214 863 266 927 33.
291 864 353 929 His
376 863 475 930 rebus
490 867 633 950 cognitis
650 864 773 932 Caesar
790 865 963 932 Gallorum
978 868 1111 932 animos

127 965 237 1032 verbis
265 967 471 1033 confirmavit
505 969 735 1056 pollicitusque
768 980 818 1036 est
847 972 909 1036 sibi
938 994 1010 1036 cam
1039 993 1112 1035 rem

126 1091 226 1135 curae
248 1071 408 1136 futuram:
440 1094 594 1156 magnam
623 1095 658 1137 se
685 1071 808 1139 habere
838 1096 929 1158 spem
957 1082 990 1138 et
1012 1073 1112 1138 bene·

126 1173 201 1237 ficio
226 1196 285 1240 suo
309 1183 341 1239 ct
364 1177 559 1241 auctoritate
582 1175 760 1242 adductum
783 1175 987 1242 Ariovistum
1009 1178 1110 1242 finem

105 1277 251 1341 siniuriis
280 1277 452 1342 facturum.
502 1279 576 1343 Hac
607 1281 755 1345 oratione
783 1278 898 1344 habita
930 1281 1111 1346 concilium

127 1379 260 1444 dimisit.
282 1381 326 1445 Et
349 1382 529 1448 secundum
551 1405 593 1447 ea
613 1382 735 1448 multae
758 1406 810 1448 rcs
834 1405 908 1448 eum
931 1383 1110 1450 hortaban-

124 1494 195 1568 tur,
224 1507 324 1570 quare
354 1487 417 1552 sibi
440 1510 513 1552 eam
543 1510 612 1553 rem
635 1487 849 1572 cogitandam
872 1496 905 1552 et
928 1488 1109 1572 suscipien-

126 1587 202 1657 dam
225 1601 365 1677 putaret‚
394 1592 563 1678 imprimis,
594 1591 681 1678 quod
709 1590 855 1673 Aeduos,
878 1591 996 1656 fratres
1027 1611 1109 1656 con·

126 1697 389 1781 sanguineosque
412 1716 647 1779 saepenumero
671 1716 691 1758 a
714 1703 830 1759 senatu
852 1694 1050 1779 appellatos,
1073 1697 1110 1759 iu

126 1800 282 1865 servitute
320 1807 418 1885 atque
458 1800 492 1862 in
526 1799 655 1863 dicione
696 1796 832 1862 videbat
866 1797 1111 1863 Germanorum

125 1903 228 1966 teneri
254 1924 431 1988 eorumque
461 1901 593 1968 obsides
621 1923 694 1965 esse
721 1900 810 1986 apud
832 1900 1038 1966 Ariovistum
1068 1924 1111 1967 ac

126 2005 298 2091 Sequanos
314 2003 541 2089 intellegebat3
565 2003 653 2088 quod
676 2005 817 2069 intanto
841 2005 976 2088 imperio
994 2005 1110 2090 populi

125 2109 264 2174 Romani
288 2109 512 2194 turpissimum
536 2108 599 2172 sibi
623 2117 655 2171 ct
677 2109 724 2171 rei
748 2106 901 2191 publicae
924 2129 997 2172 csse
1020 2107 1110 2173 arbi-

103 2211 283 2278 ³trabatur.
328 2210 491 2277 Paulatim
524 2221 634 2276 autem
668 2209 852 2275 Germanos
890 2232 1109 2278 consuescere

123 2313 272 2380 Rhenum
305 2317 446 2380 transire
483 2325 516 2379 et
549 2316 582 2379 in
621 2312 765 2379 Galliam
800 2334 956 2396 magnam
993 2336 1109 2380 eorum

123 2418 365 2484 multitudinem
397 2419 509 2484 venire
542 2417 664 2503 populo
699 2418 848 2482 Romano
884 2417 1106 2500 periculosum

101 2521 271 2604 svidcbat,
294 2544 400 2608 neque
424 2521 486 2586 sibi
502 2520 652 2586 homines
675 2521 762 2585 feros
786 2543 825 2585 ac
845 2518 1004 2584 barbaros
1028 2530 1110 2586 tcm-

124 2634 295 2710 peraturos
329 2623 555 2707 existimabat,
581 2626 674 2708 quin,
710 2645 784 2686 cum
808 2644 937 2687 omnem
961 2622 1109 2690 Galliam

124 2731 389 2813 occupavissent,
412 2737 448 2793 ut
471 2735 547 2792 ante
566 2725 689 2790 Cimbri
712 2727 917 2810 Teutonique
939 2726 1107 2806 fecissent,

122 2826 156 2897 in
172 2834 376 2918 provinciam
399 2832 530 2895 exirent
552 2840 651 2914 atque
674 2829 750 2893 inde
773 2828 807 2893 in
822 2828 954 2893 Italiam
972 2837 1108 2894 conten-

123 2937 246 3015 derent,
263 2937 454 3021 praesertim
477 2955 551 2997 cum
568 2932 739 3017 Sequanos
763 2933 970 3017 aprovincia
990 2941 1108 2998 nostra

122 3039 301 3105 Rhodanus
325 3037 503 3120 divideret,
532 3035 649 3121 quibus
671 3036 769 3101 rebus
792 3058 890 3120 quam
912 3037 1106 3102 maturrime

101 3142 361 3208 succurrendum
383 3140 532 3227 putabat.
555 3141 631 3224 lpse
654 3148 763 3204 autem
782 3137 967 3203 Ariovistus
991 3149 1105 3206 tantos

123 3246 185 3310 sibi
209 3246 355 3331 spiritus,
378 3253 505 3309 tantam
528 3242 748 3326 arrogantiam
774 3251 970 3326 sumpserat,
998 3250 1035 3306 ut
1059 3243 1107 3309 fe-

122 3350 243 3415 rendus
266 3371 333 3414 non
356 3348 530 3413 videretur.

208 3452 261 3517 34.
290 3451 516 3533 Quamobrem
545 3450 670 3535 placuit
697 3450 738 3528 ei,
766 3458 802 3513 ut
830 3447 873 3513 ad
901 3448 1106 3514 Ariovistum

124 3557 252 3641 legatos
276 3556 428 3638 mitteret,
452 3557 508 3640 qui
532 3552 573 3618 ab
597 3576 635 3619 eo
652 3551 866 3638 postularent,
890 3551 938 3616 uti
960 3551 1106 3637 aliquem
