2430 4028
388 273 497 321 LIBER
517 272 578 332 llll,
600 271 674 321 CAP.
695 273 806 320 31-38.
1024 270 1085 334 103

104 473 200 528 catos
224 463 412 549 reliquerat,
435 485 493 547 spe
510 463 653 548 praedae
669 463 803 527 adducti
822 464 927 548 primo
950 482 1016 526 non
1039 463 1087 525 ita

102 588 225 650 magno
250 588 384 631 suorum
407 588 542 630 numero
571 567 856 631 circumsteterunt
879 585 936 639 ac,
964 566 992 628 si
1015 586 1086 629 sese

104 670 245 734 interfici
268 668 406 752 nollent,
437 691 528 733 arma
560 691 682 755 ponere
716 672 889 734 iusserunt.
935 666 1017 732 (lum
1041 667 1108 731 illia

107 773 188 837 orbe
210 774 301 838 facto
327 795 398 838 sese
422 772 644 854 defenderent,
669 773 819 838 celeriter
843 773 886 838 ad
910 771 1086 836 clamorem

103 879 274 942 hominum
301 878 433 942 circiter
459 876 550 941 milia
581 899 640 941 sex
671 885 903 942 convenerunt.
950 873 1024 955 Qua
1052 897 1087 938 re

103 983 257 1047 nuntiata
279 980 403 1047 Caesar
433 1004 562 1047 omnem
594 984 778 1047 excestria
808 984 989 1068 equitatum
1019 982 1086 1044 suis

104 1083 230 1150 auxilio
243 1087 340 1150 misit.
364 1085 500 1150 Interim
515 1087 619 1150 nostri
636 1085 755 1150 milites
772 1087 929 1171 impetum
943 1083 1109 1148 hostiums

105 1192 334 1254 sustinuerunt
356 1199 455 1275 atque
479 1189 619 1276 amplius
635 1189 724 1254 horis
742 1197 898 1273 quattuor
913 1188 1088 1253 fortissime

104 1300 337 1376 pugnaverunt
352 1301 384 1356 et
399 1295 514 1377 paucis
534 1291 723 1356 vulneribus
740 1293 886 1377 acceptis
903 1291 1088 1378 complures

104 1418 147 1459 ex
165 1395 217 1458 his
237 1395 436 1460 occiderunt.
456 1395 577 1462 Postea
591 1418 669 1459 vero
687 1417 785 1481 quam
801 1397 965 1480 equitatus
978 1403 1111 1460 nestero

104 1500 139 1562 in
155 1508 369 1584 conspectum
385 1502 484 1580 venit,
508 1499 619 1564 hostes
637 1498 774 1564 abiectis
791 1500 890 1564 armis
909 1508 1004 1583 terga
1018 1522 1088 1563 ver-

104 1610 217 1666 terunt
238 1622 443 1688 magnusque
459 1625 572 1667 eorum
595 1623 749 1667 numerus
772 1611 822 1667 est
846 1604 985 1668 occisus.

172 1714 174 1718 '
194 1703 246 1769 38.
263 1705 388 1771 Caesar
403 1714 536 1790 postero
554 1706 606 1770 die
619 1707 729 1771 Titum
741 1705 925 1771 Labienum
942 1706 1089 1790 legatum

105 1831 183 1872 cum
205 1810 245 1874 iis
269 1808 464 1893 legionibus,
490 1831 572 1895 quas
591 1834 633 1874 ex
650 1811 821 1875 Britannia
844 1810 1031 1890 reduxerat,
1055 1810 1087 1872 in

106 1914 266 1995 Morinos,
290 1914 345 1998 qui
368 1911 580 1977 rebellionem
603 1913 762 1996 fecerant,
787 1915 885 1978 misit.
917 1911 982 1993 Qui
1014 1933 1111 1976 cuma

104 2025 241 2101 propter
270 2017 435 2080 siccitates
458 2014 633 2099 paludum,
660 2038 724 2101 quo
749 2037 785 2080 se
807 2016 1000 2099 reciperent,
1023 2037 1089 2079 non

106 2119 282 2195 haberent,
313 2140 376 2204 quo
402 2120 568 2203 superiore
591 2142 677 2183 anno
701 2119 852 2205 perfugio
875 2119 1006 2184 fuerant
1028 2119 1089 2194 usi,

107 2245 222 2287 omnes
245 2221 312 2286 fere
335 2222 368 2284 in
391 2229 592 2306 potestatem
615 2222 756 2287 Labieni
779 2230 1006 2307 pervenerunt.
1045 2220 1111 2284 Ate

105 2325 147 2406 Q.
172 2327 318 2392 Titurius
341 2333 373 2389 et
396 2325 435 2388 L.
460 2323 558 2390 Cotta
582 2326 697 2411 legati,
725 2329 781 2413 qui
804 2329 837 2391 in
860 2327 1089 2412 Menapiorum

104 2429 189 2493 fines
204 2428 351 2513 legiones
368 2428 541 2510 duxerant,
567 2429 718 2495 omnibus
738 2451 851 2495 eorum
875 2431 962 2514 agris
980 2438 1090 2494 vasta-

107 2535 162 2614 tis,
187 2533 356 2598 frumentis
381 2535 534 2609 succisis,
559 2534 717 2598 aedificiis
736 2535 889 2612 incensis,
918 2533 1007 2618 quod
1026 2534 1091 2597 Me·

104 2637 196 2721 napii
220 2659 255 2701 se
279 2658 392 2702 omnes
415 2641 448 2702 in
465 2637 678 2703 densissimas
697 2637 797 2703 silvas
822 2637 1029 2719 abdiderant,
1055 2659 1089 2700 se

106 2738 152 2803 ad
175 2736 352 2806 Caesarem
375 2750 576 2825 receperunt.
608 2740 732 2806 Caesar
754 2743 787 2803 in
810 2741 922 2824 Belgis
947 2741 1112 2806 omniumr

105 2841 274 2926 legionum
296 2842 433 2908 hiberna
457 2846 636 2908 constituit.
673 2844 723 2907 Eo
749 2842 833 2907 duae
857 2845 988 2908 omnino
1013 2844 1090 2907 civi·

105 2956 193 3012 tates
216 2970 259 3012 ex
274 2948 448 3012 Britannia
472 2947 603 3013 obsides
622 2950 789 3031 miserunt,
813 2947 959 3033 reliquae
982 2945 1091 3030 negle-

104 3060 237 3116 xerunt.
261 3051 323 3115 His
346 3049 444 3115 rebus
461 3053 564 3136 gestis
587 3074 629 3116 ex
651 3051 768 3116 litteris
789 3049 941 3115 Caesaris
965 3049 1112 3115 dierums

105 3155 223 3238 viginti
247 3153 446 3238 supplicatio
471 3177 491 3217 a
514 3164 629 3219 senatu
652 3154 786 3218 decreta
809 3164 868 3219 est.
