2430 4028
133 259 196 323 190
432 260 482 310 ms
501 259 622 310 nunno
643 258 801 310 crnmco

131 449 172 514 de
194 451 327 535 reliquis
352 447 568 534 adiungendis
597 447 808 531 civitatibus3
836 449 1045 534 primumque
1073 468 1110 511 eo

130 563 277 638 tempore
292 552 381 618 Galli
397 563 510 618 castra
524 554 650 617 munire
673 553 884 619 instituerunt
907 558 940 617 et
962 553 1012 617 sic
1035 558 1111 617 sunt

132 660 239 723 animo
264 659 450 722 confirmati
468 658 617 723 homines
639 658 757 722 insueti
773 656 908 739 laboris,
929 662 967 719 ut
990 655 1111 734 omnia,

130 782 214 847 quae
233 763 478 845 imperarentur,
504 759 566 824 sibi
589 757 746 844 patienda
769 759 1007 824 existimarent.

215 863 267 927 31.
289 863 360 929 Nec
383 866 498 945 minus,
522 884 621 949 quam
637 872 686 927 est
705 862 881 949 pollicitus,
897 864 1111 949 Vercingeto-

128 968 181 1032 rix
196 971 305 1033 animo
322 967 507 1046 laborabat,
528 977 565 1031 ut
579 967 722 1052 reliquas
738 969 889 1032 civitates
905 965 1110 1053 adiungeret,

106 1082 227 1158 ratque
250 1094 307 1137 eas
324 1071 419 1136 donis
436 1070 798 1157 pollicitationibusque
820 1068 1000 1136 alliciebat.
1023 1070 1110 1135 Huic

127 1177 175 1240 rei
197 1174 334 1240 idoneos
357 1175 505 1241 homines
528 1174 703 1259 deligebat,
728 1197 864 1261 quorum
892 1175 1033 1262 quisque
1055 1185 1111 1241 aut

129 1283 276 1346 oratione
292 1278 432 1346 subdola
449 1287 505 1344 aut
521 1280 666 1344 amicitia
678 1278 835 1344 facillime
851 1300 971 1365 capere
985 1287 1109 1366 posset.

105 1384 192 1465 eQui
205 1382 347 1448 Avarico
361 1392 549 1467 expugnato
562 1381 759 1466 refugerant,
776 1381 956 1447 armandos
966 1385 1108 1449 vestien-

105 1489 253 1572 rdosque
276 1497 386 1568 ourat3
418 1486 529 1567 simul,
553 1495 589 1550 ut
612 1485 800 1551 deminutae
828 1488 945 1572 copiae
968 1486 1109 1552 redinte-

127 1599 308 1674 grarentur,
332 1586 471 1674 imperat
494 1600 617 1655 certum
641 1612 811 1655 numerum
834 1589 976 1657 militum
997 1591 1109 1656 civita·

127 1693 230 1777 tibus,
262 1715 357 1780 quem
389 1703 421 1758 et
450 1714 548 1779 quam
576 1701 652 1759 ante
680 1693 765 1759 diem
794 1696 828 1758 in
851 1703 962 1760 castra
985 1693 1108 1760 adduci

127 1798 215 1881 velit,
240 1799 495 1883 sagittariosque
511 1819 636 1872 omnes,
659 1818 797 1884 quorum
814 1805 886 1863 erat
907 1818 1106 1884 permagnus

126 1922 277 1965 numerus
307 1902 340 1964 in
364 1898 490 1978 Gallia,
525 1900 675 1985 conquiri
704 1909 737 1964 et
761 1899 804 1964 ad
827 1922 862 1965 se
890 1901 978 1966 mitti
1006 1900 1106 1967 iubet.

126 2003 188 2067 His
211 2002 309 2068 rebus
332 2002 481 2068 celeriter
503 2002 547 2086 id,
573 2002 661 2089 quod
675 2002 809 2068 Avarici
834 2002 1029 2089 deperierat,
1054 2027 1106 2069 ex·

104 2106 242 2192 epletur.
279 2107 413 2171 Interim
436 2106 669 2184 Teutomatus,
693 2104 900 2172 Olloviconis
922 2106 1023 2190 filius,
1049 2130 1106 2173 rex

125 2208 369 2293 Nitiobrogum,
397 2211 488 2273 cuius
513 2218 608 2294 pater
637 2208 678 2274 ab
703 2219 819 2274 senatu
840 2220 954 2276 nostro
982 2212 1107 2277 amicus

126 2321 196 2377 erat
211 2311 410 2398 appellatus,
428 2334 502 2377 cum
518 2335 639 2397 magno
656 2312 802 2398 equitum
819 2336 954 2379 suorum
968 2336 1104 2380 numero

125 2427 157 2482 et
180 2438 262 2502 quos
286 2439 327 2481 ex
350 2415 530 2501 Aquitania
553 2416 759 2482 conduxerat
784 2416 925 2482 adeum
948 2419 1105 2503 pervenit

210 2519 262 2584 32.
286 2518 411 2586 Caesar
422 2521 558 2586 Avarici
581 2519 766 2607 complures
789 2519 857 2586 dies
881 2531 1105 2588 commoratus

125 2645 349 2710 summamque
383 2624 428 2690 ibi
462 2628 593 2710 copiam
625 2624 779 2690 frumenti
812 2632 845 2689 et
871 2622 992 2709 reliqui
1018 2646 1106 2691 com·

123 2737 249 2795 meatus
280 2737 421 2793 nanctus
451 2731 630 2793 exercitum
661 2751 704 2793 ex
725 2727 840 2793 labore
866 2737 967 2814 atque
993 2730 1106 2817 iuopia

102 2831 246 2897 arefecit
292 2833 364 2898 Iam
393 2855 494 2918 prope
523 2832 628 2898 hieme
659 2832 812 2898 confecta
834 2854 909 2898 cum
930 2833 1006 2921 ipso
1029 2834 1104 2900 anni

123 2945 269 3020 tempore
285 2937 328 3001 ad
343 2937 520 3020 gerendum
537 2935 659 3001 bellum
682 2948 856 3003 vocaretur
871 2946 904 3002 et
919 2934 964 3003 ad
978 2936 1104 3004 bostem

123 3039 287 3124 proficisci
310 3041 551 3115 constituisset,
581 3041 650 3104 sive
680 3062 754 3106 eum
776 3064 818 3106 ex
847 3038 1029 3126 paludibus
1052 3038 1103 3106 sil-

123 3145 238 3228 visque
262 3143 379 3208 elicere
402 3146 471 3208 sive
490 3142 662 3208 obsidione
685 3166 833 3231 premere
856 3152 982 3230 posset,
1005 3144 1103 3229 legati

123 3247 165 3311 ad
199 3269 272 3310 eum
306 3247 470 3331 principes
495 3245 685 3312 Aeduorum
718 3250 856 3313 veniunt
890 3257 1038 3332 oratum,
1069 3257 1105 3313 ut

100 3351 264 3414 amaxime
276 3351 462 3414 necessario
477 3358 624 3434 tempore
635 3353 763 3415 civitati
777 3348 964 3416 subveniat:
977 3372 1103 3419 summo

122 3474 194 3517 esse
218 3455 251 3516 in
268 3452 413 3538 periculo
435 3474 512 3528 rem,
537 3454 636 3537 quod,
659 3476 734 3518 cum
752 3452 871 3539 singuli
888 3456 1104 3539 magistratus

121 3558 300 3642 antiquitus
334 3559 438 3621 creari
472 3565 570 3642 atque
598 3561 722 3642 regiam
749 3567 952 3652 potestatem
982 3580 1104 3625 annum
