2416 4028
377 257 489 306 ursan
507 256 580 318 vm,
600 257 677 306 cnr.
695 227 806 309 42-46.
1020 257 1082 322 257

100 448 284 525 concessit,
321 467 385 531 quo
416 447 567 512 testatior
595 457 683 512 esset
711 469 820 530 poena
849 447 1106 532 improborumr

100 553 277 636 Drappes,
301 573 396 637 quem
421 562 554 636 captum
578 573 651 614 esse
674 574 694 614 a
717 551 855 617 Caninio
881 552 993 632 docui,
1017 553 1084 616 sive

100 655 299 739 indignitate
323 665 355 719 et
378 655 492 720 dolore
507 655 714 719 vinculorum
731 658 801 720 sive
822 647 939 720 timore
955 658 1083 740 gravio-

100 760 147 822 ris
179 757 332 843 supplicii
362 760 477 843 paucis
508 757 623 823 diebus
647 757 721 822 cibo
746 780 781 821 se
804 758 963 823 abstinuit
985 769 1084 843 atque

100 863 148 925 ita
171 862 306 926 interiit.
344 862 471 926 Eodem
494 871 642 945 tempore
666 861 856 941 Lucterius,
889 883 984 947 quem
1010 884 1105 947 pro-a

100 965 228 1047 fugisse
257 986 300 1028 ex
323 964 450 1048 proelio
481 966 614 1048 scripsi,
646 986 720 1027 cum
747 966 780 1027 in
811 974 1008 1048 potestatem
1031 988 1084 1029 ver

101 1067 206 1132 nisset
243 1068 425 1152 Epasnacti
459 1067 599 1132 Arverni
636 1067 763 1147 (crebro
799 1069 884 1131 enim
918 1068 1083 1133 mutandis

100 1169 185 1235 locis
203 1171 379 1235 multorum
395 1171 471 1235 fidei
495 1194 530 1235 se
547 1169 783 1253 committebat,
811 1171 898 1256 quod
921 1195 1084 1258 nusquam

100 1273 224 1339 diutius
249 1276 319 1338 sine
342 1275 485 1357 periculo
510 1284 770 1338 commoraturus
795 1274 985 1358 videbatur,
1010 1299 1084 1340 cum

102 1377 165 1443 sibi
183 1379 338 1442 conscius
354 1386 451 1459 esset,
470 1399 566 1462 quarn
583 1379 750 1442 inimicum
764 1376 896 1441 deberet
909 1376 1085 1444 Caesarem

99 1479 256 1559 habere),
292 1480 379 1544 hunc
408 1482 618 1564 Epasnactus
652 1481 832 1563 Arvernus,
867 1482 1085 1547 amicissimus

100 1582 216 1669 populi
246 1584 403 1665 Romani,
440 1586 508 1647 sine
538 1583 743 1648 dubitatione
771 1583 839 1647 ulla
865 1586 1012 1650 vinctum
1043 1586 1085 1650 ad

50 1678 52 1683 ⁸
104 1685 284 1752 Caesarem
308 1685 454 1750 deduxit.

195 1788 248 1853 45.
272 1788 439 1853 Labienus
455 1790 586 1852 interim
608 1790 641 1853 in
657 1789 808 1854 Treveris
831 1799 980 1875 equestre
996 1813 1087 1877 proe-

100 1891 181 1957 lium
198 1892 281 1956 facit
304 1891 484 1956 secundum
507 1891 797 1977 compluribusque
813 1893 964 1957 Treveris
987 1897 1086 1959 inter·

99 1996 198 2060 fectis
228 2005 260 2059 et
290 1993 482 2075 Germanis,
518 1999 571 2080 qui
606 1995 704 2060 nullis
733 1997 892 2060 adversus
920 1998 1085 2062 Romanos

98 2098 227 2163 auxilia
256 2098 482 2181 denegabant,
512 2101 678 2183 principes
708 2121 820 2163 eorum
843 2102 937 2164 vivos
967 2099 1086 2185 redigit

97 2204 251 2267 insuam
283 2211 481 2286 potestatem
514 2211 612 2288 atque
642 2205 675 2267 in
704 2202 754 2266 bis
783 2203 1107 2286 SurumAeduumm

99 2307 155 2391 qui
179 2314 212 2369 et
235 2306 364 2368 virtutis
395 2314 427 2368 et
450 2306 578 2388 generis
603 2327 763 2369 summam
792 2303 997 2370 nobilitatem
1027 2306 1085 2369 ha-

98 2407 202 2472 bebat
232 2407 386 2492 solusque
417 2430 460 2471 ex
492 2408 615 2473 Aeduis
645 2408 687 2472 ad
716 2408 750 2473 id
778 2417 906 2493 tempus
936 2431 1085 2494 perman-

102 2520 193 2576 serat
215 2512 249 2574 in
273 2513 383 2574 armis.

188 2613 240 2679 46.
264 2616 316 2679 Ea
350 2638 384 2677 re
419 2616 552 2698 cognita
581 2612 723 2692 Caesar,
758 2638 832 2679 cum
865 2618 898 2679 in
934 2616 1085 2682 omnibus

99 2717 253 2803 partibus
279 2717 409 2783 Galliae
433 2718 515 2782 bene
538 2740 592 2782 res
615 2720 685 2802 geri
708 2719 837 2783 videret
858 2719 1085 2805 iudicaretque

99 2821 325 2906 superioribus
349 2823 484 2887 aestivis
500 2820 643 2885 Galliam
660 2822 825 2886 devictam
848 2821 1085 2909 subactamque

99 2946 190 3003 esse,
225 2923 439 3008 Aquitaniam
472 2946 650 3009 numquam
674 2926 811 3007 adisset,
847 2949 906 3011 per
936 2925 1085 2991 Publium

99 3025 258 3092 Crassum
282 3028 423 3112 quadam
455 3050 498 3091 ex
527 3038 618 3112 parte
642 3029 827 3112 devicisset,
858 3052 932 3093 cum
957 3029 1086 3095 duabus

99 3131 285 3216 legionibus
308 3132 341 3196 in
365 3154 438 3195 eam
461 3142 589 3216 partem
613 3131 743 3197 Galliae
772 3143 822 3198 est
844 3134 1027 3217 profectus,
1051 3144 1087 3199 ut

97 3233 144 3299 ibi
169 3244 353 3299 extremum
369 3244 498 3319 tempus
522 3245 729 3300 consumeret
744 3239 953 3302 aestivorum.
977 3237 1108 3316 Quama

97 3360 167 3401 rem
192 3340 288 3402 sicuti
306 3348 414 3403 cetera
431 3339 579 3405 celeriter
594 3340 796 3426 feliciterque
813 3343 965 3406 confecit.
985 3341 1084 3405 Nam·

98 3464 162 3527 que
186 3463 300 3506 omnes
316 3441 515 3527 Aquitaniae
533 3444 684 3508 civitates
700 3444 827 3527 legatos
851 3444 894 3508 ad
911 3442 1086 3509 Caesarem

98 3548 260 3610 miserunt
277 3544 473 3630 obsidesque
488 3547 518 3610 ei
535 3544 703 3611 dederunt.
728 3545 856 3627 Quibus
872 3545 970 3611 rebus
984 3548 1109 3630 gestise

153 3681 242 3723 Cacsar.
257 3680 274 3723 1.
289 3680 310 3722 b.
326 3680 353 3725 G.
900 3668 929 3716 17
