2430 4028
344 243 455 294 LIBER
472 243 518 306 VI,
538 243 615 294 cAP.
634 243 745 293 29—82.
972 244 1037 309 245

53 437 227 504 concitare
249 445 282 503 et
304 458 418 522 gerere
432 443 554 523 posset.
578 433 646 503 Sed
668 443 778 502 tamen
795 457 831 500 se
846 442 1037 502 contentum
1086 466 1088 471 ’

59 541 130 607 sore
154 562 195 606 ea
216 562 341 626 poena,
367 562 465 626 quam
491 539 638 625 sibiipsi
662 541 916 606 contraxissent.

142 643 196 708 23.
225 643 332 709 Nocte
360 645 545 731 insequenti
572 644 676 728 legati
702 666 862 729 responsa
889 642 934 709 ad
961 666 1039 710 suos

57 749 213 824 referunt,
239 745 371 813 obsides
394 746 584 811 conficiunt.
609 744 817 812 Concurrunt
838 746 1062 832 reliquarums

9 920 11 932 ,
55 852 240 917 civitatium
261 849 372 935 legati,
397 871 482 936 quae
505 849 758 915 Bellovacorum
782 848 1039 934 speculabantur

10 1010 12 1047 ξ
54 966 224 1038 eventum3
259 951 392 1019 obsides
417 952 513 1034 dant,
547 954 711 1038 imperata
740 953 867 1020 iaciunt
898 961 1038 1039 excepto

55 1057 226 1137 Commio,
260 1078 356 1143 quem
383 1056 480 1122 timor
509 1056 708 1141 prohibebat
736 1059 932 1143 cuiusquam
960 1057 1039 1123 fidei

55 1182 150 1228 suam
173 1163 375 1226 committere
399 1159 547 1226 salutem.
579 1160 664 1224 Nam
688 1160 854 1245 superiore
878 1183 965 1226 annu
988 1162 1062 1227 'Ii-s

56 1275 108 1331 tus
124 1262 293 1330 Labienus
309 1262 453 1330 Caesare
476 1265 511 1328 in
528 1261 640 1329 Gallia
655 1264 808 1330 citeriore
830 1267 882 1345 ius
898 1264 1037 1348 dicente,

55 1393 129 1436 eum
161 1367 344 1433 Commium
373 1369 588 1453 comperisset
618 1366 795 1433 sollicitare
826 1369 976 1434 civitates
1007 1377 1040 1433 et

55 1473 320 1540 coniurationem
343 1480 459 1536 contra
475 1470 651 1536 Caesarem
667 1472 788 1552 facere,
812 1472 1039 1538 infidelitatem

13 1610 16 1619 ·
56 1578 126 1642 eius
163 1575 233 1641 sine
269 1574 338 1639 ulla
371 1574 511 1660 perfidia
543 1574 703 1639 iudicavit
732 1577 901 1661 comprimi
930 1598 1039 1662 posse.

12 1712 26 1743 r
58 1679 167 1762 Quem
201 1680 277 1765 quia
314 1700 380 1743 non
415 1677 639 1743 arbitrabatur
672 1687 828 1744 vocatum
862 1681 896 1743 in
929 1688 1064 1744 castras

12 1770 17 1781 ¹
56 1792 241 1864 venturum,
271 1805 311 1847 ne
333 1782 527 1866 temptando
552 1783 732 1848 cautiorem
754 1783 888 1864 faceret,
919 1781 1041 1848 Gaium

56 1887 262 1953 Volusenum
285 1883 492 1966 Quadratum
521 1888 630 1967 misit,
661 1889 717 1972 qui
744 1908 817 1951 eum
851 1909 911 1973 per
944 1889 1041 1952 simu·

56 1989 214 2057 lationem
242 1988 397 2075 colloquii
424 1999 555 2054 curaret
583 1989 851 2055 interficiendum.
888 1990 941 2055 Ad
968 2013 1042 2055 eam

55 2116 123 2160 rem
150 2090 296 2158 delectos
319 2093 456 2158 idoneos
479 2094 509 2157 ei
532 2094 634 2159 tradit
656 2095 874 2160 centuriones.
903 2091 986 2158 Oum
1008 2096 1064 2159 ins

56 2195 259 2283 colloquium
280 2206 415 2261 ventum
438 2206 535 2280 esset,
560 2207 593 2263 et
614 2208 652 2263 ut
674 2205 885 2274 convenerat,
909 2221 1042 2264 manum

57 2298 198 2366 Commii
221 2299 407 2366 Volusenus
430 2301 639 2385 arripuisset,
663 2302 811 2366 centurio
834 2301 888 2366 vel
911 2304 1041 2367 insueta

56 2427 91 2470 re
115 2413 285 2491 permotus
308 2403 360 2468 vel
384 2403 533 2469 celeriter
562 2426 583 2469 a
611 2404 830 2470 familiaribus
858 2404 1042 2491 prohibitus

60 2506 201 2574 Commii
236 2507 397 2573 conficere
430 2506 595 2574 hominem
628 2530 696 2573 non
733 2510 860 2594 potuit3
898 2512 1043 2594 graviter

57 2620 168 2677 tamen
204 2612 308 2696 primo
344 2612 411 2675 ictu
445 2610 557 2695 gladio
595 2619 695 2695 caput
728 2611 900 2697 percussit.
959 2610 1064 2680 Cuma

58 2716 222 2799 utrimque
246 2713 347 2798 gladii
371 2714 516 2779 destricti
546 2725 664 2798 essent,
694 2738 760 2781 nun
783 2725 849 2781 tam
873 2715 1043 2802 pugnandi

58 2839 157 2903 quam
175 2816 364 2900 diffugiendi
388 2817 450 2881 suit
472 2826 684 2904 utrorumque
700 2818 890 2884 consilium:
913 2827 1041 2883 nostro·

58 2943 150 2998 rum,
182 2919 271 3004 quod
292 2920 460 2984 mortifero
489 2921 624 2987 vulnere
649 2921 832 2987 Commium
862 2921 1043 2988 credebant

59 3025 230 3105 affectum3
266 3021 458 3108 Gallorum,
493 3024 580 3109 quod
604 3024 732 3089 insidiis
761 3025 902 3108 coguitis
936 3023 1041 3109 plura,

59 3148 158 3213 quam
181 3123 349 3204 videbant,
374 3126 645 3192 extimescebant.
676 3126 749 3206 Quo
772 3127 862 3193 iacto
887 3129 1043 3194 statuisse

59 3228 230 3296 Commius
247 3227 419 3293 dicebatur
441 3252 619 3315 numquam
641 3233 675 3295 iu
698 3239 912 3316 conspectum
935 3232 1043 3297 euius·

59 3353 162 3420 quam
182 3332 326 3399 Romani
348 3335 470 3399 venire.

148 3434 201 3500 24.
213 3434 478 3501 Bellicosissimis
495 3436 647 3520 gentibus
667 3436 805 3502 devietis
819 3436 951 3520 Caesar,
968 3460 1042 3504 eum

59 3541 187 3606 videret
218 3537 340 3603 nullam
370 3539 435 3606 iam
466 3562 537 3605 esse
567 3542 750 3625 civitatem,
787 3563 870 3628 quae
896 3535 1042 3626 [bellum]
