2430 4028
399 290 510 342 mnne
526 289 561 353 11,
582 289 657 340 cnr.
677 291 786 345 nr-sr.
1038 288 1081 354 59

102 483 225 550 flumen
240 481 390 548 Rhenum
406 481 564 566 depositis
580 480 764 546 custodiam
784 503 826 545 ex
850 481 917 545 suis
933 502 973 545 ac
989 503 1081 566 prae-

105 587 224 653 sidium
247 609 308 652 sex
324 584 417 650 milia
432 584 599 650 hominum
614 607 680 648 una
703 583 915 670 reliquerunt.
939 584 985 650 Hi
1008 594 1105 669 posta

104 714 216 757 eorum
246 689 372 756 obitum
400 688 519 753 multos
550 710 653 752 annos
689 711 708 752 a
736 688 881 753 finitimis
911 689 1081 771 exagitati,

104 818 180 860 cum
195 793 279 859 alias
295 791 417 858 bellum
434 791 600 866 inferrent,
618 791 701 855 alias
717 790 844 855 illatum
862 790 1082 870 defenderent,

103 920 268 964 consensu
291 918 404 961 eorum
429 897 573 960 omnium
589 916 671 978 pace
688 895 778 960 sacta
799 893 887 959 hunc
904 892 964 960 sibi
983 895 1084 961 domi-

103 1003 181 1068 cilio
206 1001 315 1067 locum
339 999 538 1083 delegerunt.

195 1103 247 1169 30.
271 1103 321 1168 Ac
345 1105 449 1189 primo
475 1101 618 1167 adventu
637 1102 801 1167 exercitus
824 1105 928 1167 nostri
952 1101 1084 1168 crebras

104 1235 149 1277 ex
173 1209 295 1296 oppido
313 1208 525 1273 excursiones
542 1205 709 1271 faciebant
724 1207 933 1293 parvulisque
952 1206 1085 1291 proeliis

106 1337 182 1380 cum
214 1314 336 1379 nostris
359 1309 616 1392 contendebant3
641 1321 757 1395 postea
779 1310 866 1375 vallo
890 1310 1012 1395 pedum
1034 1329 1107 1374 xna

104 1421 139 1485 in
156 1419 293 1483 circuitu
311 1414 496 1502 quindecim
512 1413 635 1479 milium
653 1412 841 1500 crebrisque
860 1414 1005 1480 castellis
1028 1415 1087 1480 cir-

106 1521 300 1586 cummuniti
317 1518 437 1606 oppido
455 1540 527 1583 sese
543 1517 765 1583 continebant.
794 1518 859 1583 Ubi
882 1520 987 1584 vineis
1004 1522 1107 1586 actiss

104 1647 226 1711 aggere
257 1630 424 1689 exstructo
453 1623 566 1687 turrim
595 1622 710 1707 procul
741 1624 895 1688 constitui
924 1623 1086 1703 viderunt,

104 1730 247 1815 primum
265 1726 400 1792 irridere
423 1748 466 1790 ex
481 1747 573 1791 muro
597 1736 697 1812 atque
718 1728 915 1811 increpitare
939 1725 1085 1806 vocibus,

105 1830 196 1918 quod
217 1839 311 1895 tanta
334 1830 534 1896 machinatio
558 1830 599 1895 sb
624 1840 715 1896 tanto
733 1833 839 1917 spatio
856 1832 1086 1898 instrueretur:

105 1932 302 2021 quibusnam
333 1932 484 2000 manibus
519 1942 576 1998 aut
599 1932 717 2019 quibus
741 1932 866 2000 viribus
893 1937 1108 2019 praesertim

105 2037 258 2103 homines
270 2037 418 2103 tantulae
432 2046 577 2102 staturae
596 2044 684 2118 (nam
696 2037 886 2124 plerumque
901 2039 1086 2107 hominibus

106 2140 214 2207 Gallis
237 2164 315 2228 prse
338 2142 563 2227 magnitudine
587 2163 762 2227 corporum
787 2165 919 2208 snorum
942 2143 1086 2208 brevitas

104 2250 220 2312 nostra
243 2248 446 2330 contemptui
470 2247 533 2329 est)
563 2247 646 2311 tanti
671 2247 778 2311 oneris
801 2247 914 2311 turrim
937 2248 970 2311 in
993 2270 1085 2313 muro

106 2370 181 2414 sese
204 2348 370 2414 collocare
401 2348 627 2415 confiderent?

193 2450 246 2515 31.
270 2451 335 2519 Ubi
351 2476 429 2518 vero
445 2456 570 2518 moveri
588 2462 619 2518 et
636 2455 901 2540 appropinquare
917 2456 1087 2522 moenibus

103 2557 268 2632 viderunt,
294 2578 381 2621 nova
404 2566 502 2643 atque
525 2558 683 2622 inusitata
699 2560 807 2642 specie
824 2561 978 2624 commoti
1000 2559 1086 2643 lega·

103 2670 157 2726 tos
187 2659 231 2724 ad
259 2659 437 2726 Caesarem
467 2660 507 2724 de
530 2682 613 2745 pace
636 2663 809 2738 miserunt,
844 2663 898 2749 qui
929 2663 972 2728 ad
1001 2665 1087 2729 bunc

104 2763 240 2830 modum
263 2763 381 2830 locuti:
411 2786 477 2828 non
506 2765 695 2830 existimare
723 2764 891 2830 Romanos
921 2768 990 2830 sine
1025 2790 1109 2852 oper

105 2867 219 2933 divina
235 2866 355 2933 bellum
372 2890 495 2951 gerere,
513 2869 568 2952 qui
591 2876 704 2933 tantae
722 2867 904 2934 altitudinis
920 2871 1086 2936 machina·

104 2975 211 3038 tiones
234 2980 327 3038 tanta
343 2972 509 3038 celeritate
526 2995 718 3059 promovere
738 2984 888 3059 possent3
906 2999 940 3040 se
963 2998 1108 3061 suaquea

106 3077 220 3143 omnia
243 3097 356 3140 eorum
378 3077 534 3162 potestati
559 3079 746 3161 permittere
770 3077 931 3142 dixerunt.
978 3077 1110 3146 Unums

104 3190 219 3268 petere
242 3202 282 3244 ac
306 3179 492 3266 deprecari:
529 3183 554 3244 si
577 3182 661 3246 forte
685 3202 743 3266 pro
768 3203 828 3247 sua
851 3180 1025 3246 clementia
1049 3204 1087 3246 ac

107 3283 372 3364 mansuetudine,
391 3306 489 3370 quam
504 3287 567 3370 ipsi
592 3284 635 3349 ab
652 3284 724 3350 aliis
742 3284 902 3368 audirent,
920 3287 1089 3350 statuisset

104 3387 301 3453 Aduatucos
330 3410 402 3454 esse
431 3389 686 3469 conservandos,
717 3411 758 3452 ne
788 3411 821 3452 sc
853 3389 951 3453 armis
975 3389 1089 3474 despo-

106 3491 213 3556 liaret.
249 3487 319 3555 Sibi
355 3513 466 3557 omnes
495 3492 563 3556 fere
586 3492 741 3557 finitimos
773 3514 846 3555 csse
875 3492 1025 3557 inimicos
1050 3514 1111 3561 acs

108 3616 189 3658 suae
212 3595 324 3658 virtuti
344 3593 505 3677 invidere3
529 3593 683 3679 aquibus
709 3617 743 3659 se
760 3595 935 3660 defendere
959 3595 1088 3661 traditis
