2430 4028
401 256 512 306 amna
529 255 562 320 v,
582 254 658 308 oar.
675 255 786 304 48-51.
1021 251 1083 316 135

103 471 213 535 aequo
237 450 346 514 animo
369 447 600 513 remittendum
616 445 657 510 de
673 444 840 510 celeritate
856 443 1084 509 existimabat:

103 553 258 620 consedit
285 562 332 635 et,
362 574 461 639 quam
491 552 689 636 aequissimo
719 548 792 614 loco
820 555 946 634 potest,
975 554 1108 612 castrar

104 658 288 723 communit
310 666 408 742 atque
424 655 516 733 baec,
542 656 604 720 etsi
627 663 720 719 erant
734 655 856 737 exigua
878 674 937 738 per
960 673 1004 734 se,
1028 651 1087 715 vix

103 762 276 827 bominum
298 759 423 825 milium
446 768 571 844 septem
593 759 786 842 praesertim
810 756 909 822 nullis
931 778 1006 821 oum
1028 759 1086 822 im·

104 865 316 950 pedimentis,
340 874 451 930 tamen
474 865 633 948 angustiis
656 866 793 946 viarum,
822 885 921 950 quam
943 864 1087 928 maxime

103 976 234 1055 potest,
267 969 433 1034 contrahit
461 990 500 1033 eo
524 968 677 1050 oonsilio,
712 969 803 1033 utin
828 989 987 1033 summam
1010 988 1086 1032 oon·

103 1074 320 1158 temptionem
343 1071 495 1138 hostibus
519 1073 640 1138 veniat.
665 1072 802 1137 Interim
824 1069 1109 1158 speculatoribusss

103 1176 138 1238 in
153 1197 265 1240 omnes
280 1184 391 1261 partes
404 1175 548 1240 dimissis
564 1175 725 1261 explorat,
743 1197 806 1261 quo
822 1174 1087 1240 commodissime

104 1279 224 1343 itinere
247 1278 366 1343 vallem
389 1281 529 1344 transire
552 1281 667 1365 possit.

193 1379 247 1445 50.
263 1381 313 1446 Eo
327 1381 380 1447 die
391 1381 538 1467 parvulis
550 1382 754 1467 equestribus
767 1382 899 1469 proeliis
911 1380 954 1446 ad
967 1401 1087 1466 aquam

103 1485 205 1550 factis
228 1487 356 1570 utrique
379 1508 452 1551 sese
475 1508 534 1551 suo
557 1485 631 1551 loco
661 1487 846 1552 continent:
870 1485 975 1569 Galli,
999 1483 1110 1572 quoda

104 1587 286 1673 ampliores
302 1589 426 1674 copias,
444 1610 528 1674 quae
542 1588 689 1653 nondum
704 1599 934 1673 couvenerant,
952 1610 1088 1676 exspec-

105 1689 241 1773 tabant3
265 1690 404 1774 Caesar,
436 1692 463 1755 si
493 1692 577 1757 forte
604 1693 731 1757 timoris
750 1691 954 1759 simulatione
976 1693 1110 1759 hostest

102 1795 139 1858 in
165 1816 260 1859 suum
283 1792 391 1858 locum
422 1792 539 1859 elicere
562 1804 692 1878 posset,
722 1803 757 1859 ut
780 1796 863 1859 citra
885 1795 1003 1861 vallem
1027 1817 1087 1881 pro

104 1899 225 1962 castris
241 1897 367 1982 proelio
385 1897 614 1981 contenderet3
637 1900 663 1963 si
681 1898 715 1962 id
737 1898 867 1964 efficere
882 1921 948 1964 non
964 1907 1088 1986 posset,

104 2009 142 2064 ut
167 2000 348 2085 exploratis
371 2000 542 2065 itineribus
558 2003 684 2066 minore
706 2023 781 2066 cum
800 2001 945 2086 periculo
968 2002 1089 2067 vallem

104 2106 279 2190 rivumque
306 2104 469 2169 transiret.
515 2105 625 2169 Prima
655 2105 729 2170 luce
757 2104 899 2170 hostium
924 2109 1126 2192 equitatussl

105 2207 151 2274 ad
174 2217 284 2273 castra
309 2208 438 2273 accedit
454 2207 679 2294 proeliumque
695 2230 769 2274 eum
784 2210 905 2273 nostris
927 2208 1090 2295 equitibus

104 2312 289 2378 committit.
322 2309 449 2377 Caesar
471 2311 621 2377 consulto
646 2313 770 2397 equites
794 2309 911 2377 cedere
935 2335 1034 2398 seque
1056 2313 1113 2380 ins

104 2423 219 2480 castra
240 2416 385 2499 recipere
419 2412 525 2489 iubet;
561 2413 657 2483 simul
681 2437 724 2479 ex
754 2414 904 2479 omnibus
940 2414 1090 2500 partibus

104 2527 224 2583 castra
246 2517 361 2583 altiore
383 2516 472 2582 vallo
505 2519 621 2582 muniri
645 2527 821 2604 portasque
846 2516 971 2583 obstrui
994 2528 1092 2604 atque

106 2624 143 2688 in
167 2619 219 2686 his
248 2619 514 2686 administrandis
542 2620 641 2687 rebus
666 2644 763 2707 quam
787 2625 931 2687 maxime
954 2643 1092 2687 concur·

108 2725 178 2789 sari
201 2733 332 2790 etcum
356 2723 564 2790 simulatione
594 2726 649 2810 agi
671 2727 799 2791 timoris
822 2726 922 2792 iubet.

194 2825 246 2890 51.
271 2825 400 2909 Quibus
418 2827 568 2895 omnibus
584 2828 683 2894 rebus
701 2827 812 2894 hostes
831 2830 961 2894 invitati
976 2828 1091 2914 copias

105 2931 285 2999 traducunt
306 2933 476 3018 aciemque
498 2934 610 3018 iniquo
634 2933 708 2998 loco
733 2935 947 3016 constituunt,
969 2933 1114 2998 nostrisa

106 3058 186 3102 vero
216 3035 316 3100 etiam
344 3033 386 3100 de
414 3034 501 3100 vallo
534 3035 684 3100 deductis
715 3037 851 3120 propius
875 3033 1039 3100 accedunt
1061 3044 1093 3100 et

105 3139 175 3205 tela
191 3141 278 3204 intra
293 3139 507 3203 munitionem
523 3162 565 3203 ex
590 3138 741 3204 omnibus
757 3138 908 3223 partibus
925 3140 1094 3202 coniciunt

106 3240 395 3329 praeconibusque
412 3243 644 3307 circummissis
660 3243 865 3327 pronuntiari
887 3241 1011 3323 iubent,
1035 3262 1114 3306 seua

107 3348 182 3432 quis
207 3343 327 3410 Gallus
351 3367 409 3411 seu
431 3345 600 3410 Romanus
622 3344 702 3410 velit
725 3355 800 3410 ante
822 3345 937 3409 horam
960 3345 1092 3410 tertiam

106 3450 151 3516 ad
175 3472 211 3515 se
233 3450 384 3531 transire,
410 3450 479 3514 sine
495 3448 640 3534 periculo
664 3450 779 3531 licere3
806 3459 883 3533 post
905 3449 940 3513 id
962 3457 1092 3534 tempus

107 3576 175 3619 non
199 3553 269 3618 fore
286 3560 502 3639 potestatem3
526 3575 565 3616 ae
591 3555 637 3616 sic
660 3563 791 3618 nostros
815 3560 1115 3637 contempserunt,s
