2430 4028
473 241 523 292 DE
542 243 663 294 BELLO
683 242 841 294 GALLICO

256 431 304 495 19.
330 433 457 513 Quibus
487 434 585 498 rebus
609 436 764 518 cognitis,
795 457 869 499 cum
892 435 935 499 ad
958 435 1018 500 has
1042 439 1146 522 suspi-

168 540 279 603 ciones
312 538 516 601 certissimae
549 559 602 601 res
625 538 838 620 accederent,
873 539 961 623 quod
984 561 1041 623 per
1064 540 1148 605 fines

169 643 394 727 Sequanorum
429 640 599 705 Helvetios
634 640 853 724 traduxisset,
892 642 981 726 quod
1015 643 1147 708 obsides

169 747 253 809 inter
276 767 333 808 eos
352 743 479 808 dandos
496 755 652 825 curasset,
677 744 763 828 quod
788 767 827 808 ea
843 748 953 809 omnia
968 729 1034 809 non
1049 748 1147 812 modo

168 849 295 913 iniussu
318 870 376 912 suo
400 857 433 911 et
456 848 608 929 civitatis,
634 848 804 913 sedetiam
828 848 1043 914 inscientibus
1068 852 1148 934 ipsis

170 953 313 1034 fecisset,
344 952 432 1036 quod
454 974 474 1015 a
497 953 692 1034 magistratu
714 951 903 1017 Aeduorum
927 963 1148 1035 accusaretur,

172 1057 251 1120 satis
285 1077 358 1120 esse
392 1078 513 1119 causae
536 1054 775 1133 arbitrabatur,
811 1078 911 1141 quare
940 1056 973 1119 in
997 1079 1070 1120 eum
1093 1068 1151 1120 aut

171 1160 242 1244 ipse
276 1159 562 1240 animadverteret,
598 1169 654 1224 aut
689 1161 855 1223 civitatem
889 1158 1150 1225 animadvertere

150 1264 310 1329 aiuberet.
333 1262 395 1325 His
420 1261 570 1327 omnibus
594 1262 691 1326 rebus
714 1285 813 1326 unum
829 1262 1043 1348 repugnabat,
1063 1266 1151 1349 quod

171 1367 329 1432 Divitiaci
353 1367 462 1431 fratris
482 1389 642 1431 summum
666 1369 699 1430 in
715 1366 870 1451 populum
886 1367 1069 1431 Romanurn
1086 1377 1152 1432 stu·

173 1471 271 1552 dium,
297 1493 455 1535 summam
484 1473 517 1534 in
542 1493 576 1535 se
600 1470 817 1553 voluntatem,
853 1471 1019 1554 egregiam
1042 1472 1150 1551 fidem,

173 1577 345 1658 iustitiam,
376 1576 626 1659 temperantiam
649 1583 866 1657 cognoverat3
890 1597 984 1653 nam,
1018 1597 1058 1638 ne
1082 1577 1152 1640 eius

176 1678 336 1764 supplicio
371 1678 528 1743 Divitiaci
563 1678 706 1741 animum
741 1677 932 1750 offenderet,
969 1678 1152 1744 verebatur.

153 1783 292 1868 altaque
315 1784 416 1867 prius,
441 1804 537 1867 quam
555 1781 731 1866 quidquam
754 1790 936 1858 conaretur,
953 1780 1153 1846 Divitiacum

176 1886 219 1950 ad
249 1908 284 1950 se
312 1886 425 1950 vocari
459 1883 549 1949 iubet
577 1894 609 1948 et
642 1884 816 1948 cotidianis
848 1884 1078 1968 interpretibus
1106 1908 1154 1948 re-

176 1991 273 2055 motis
297 2012 355 2075 per
378 1986 414 2052 O.
431 1988 599 2053 Valerium
623 1987 809 2070 Procillum,
827 1990 1005 2073 principem
1024 1988 1155 2052 Galliae

177 2093 378 2178 provinciae,
403 2091 599 2156 familiarem
623 2113 726 2172 suurn,
751 2094 802 2155 cui
827 2113 985 2155 summam
1011 2092 1155 2156 omnium

154 2219 285 2266 srernm
318 2195 416 2260 fidem
451 2192 610 2276 habebat,
643 2216 716 2258 cum
747 2217 786 2258 eo
817 2193 1029 2278 colloquitur3
1059 2194 1155 2259 simul

177 2300 440 2376 commonefacit,
464 2321 548 2383 quae
569 2299 642 2382 ipso
666 2307 839 2382 praesente
862 2299 894 2361 in
919 2297 1057 2361 concilio
1076 2296 1155 2363 Gal,

176 2404 281 2469 lorum
311 2401 352 2466 de
380 2403 584 2484 Dumnorige
608 2401 673 2466 sint
696 2402 801 2482 dicta,
831 2413 862 2464 et
886 2400 1042 2481 ostendit,
1072 2422 1156 2485 quae

155 2508 355 2592 sseparatim
390 2506 527 2591 quisque
558 2504 599 2569 de
632 2527 670 2569 eo
705 2503 794 2590 apud
829 2526 863 2568 se
897 2503 1026 2568 dixerit.
1072 2505 1158 2568 Petit

177 2620 275 2695 atque
304 2609 469 2685 hortatur,
503 2618 539 2673 ut
572 2610 641 2672 sine
671 2608 740 2673 eius
771 2608 948 2672 offensione
978 2608 1076 2670 animi
1104 2607 1158 2670 vel

177 2716 250 2799 ipse
274 2714 313 2778 de
336 2735 374 2777 eo
398 2735 500 2778 causa
523 2714 654 2795 cognita
679 2720 811 2794 statuat,
835 2711 885 2775 vel
902 2711 1068 2775 civitatem
1092 2719 1157 2776 sta·

178 2827 268 2882 tuere
290 2817 413 2882 iubeat.

264 2918 316 2984 20.
350 2921 534 2985 Divitiacus
569 2919 678 2984 multis
705 2940 780 2982 cum
808 2918 951 2983 lacrimis
982 2915 1159 2982 Caesarem

179 3025 372 3111 complexus
407 3023 580 3088 obsecrare
615 3024 740 3108 coepit,
773 3044 815 3085 nc
850 3022 929 3106 quid
962 3022 1094 3104 gravius
1125 3022 1159 3084 in

158 3132 312 3195 afratrem
336 3139 508 3195 statueret:
533 3133 615 3195 scire
639 3151 673 3192 se
695 3127 752 3192 illa
775 3149 846 3191 esse
862 3147 950 3207 vera,
974 3148 1034 3189 neo
1050 3146 1159 3209 quem-

181 3258 278 3321 quam
302 3257 344 3298 ex
366 3256 404 3298 eo
421 3232 495 3319 plus
519 3255 616 3318 quam
641 3254 675 3296 se
692 3230 813 3295 doloris
836 3251 964 3314 capere,
986 3236 1161 3312 propterea

182 3339 279 3424 quod,
313 3360 387 3402 cum
421 3339 491 3422 ipse
525 3336 632 3421 gratia
665 3334 840 3420 plurimum
869 3332 956 3396 domi
993 3340 1091 3415 atque
1126 3333 1160 3393 in

180 3444 307 3528 reliqua
330 3441 450 3523 Gallia,
475 3440 530 3505 ille
552 3441 721 3505 minimum
744 3445 878 3523 propter
901 3435 1161 3500 adulescentiam

182 3557 309 3632 posset,
341 3569 400 3631 per
428 3567 463 3609 se
493 3547 663 3625 crevisset3
692 3541 810 3627 quibus
839 3539 957 3626 opibus
981 3561 1020 3602 ac
1051 3539 1160 3601 nervis
