2430 4028
383 244 496 294 sinna
514 245 587 308 vm,
608 245 683 295 css.
702 246 812 297 24-27.
1024 245 1086 309 247

102 433 201 499 rebat
222 455 329 520 neque
350 435 512 520 imperata
535 456 691 520 umquam
713 435 776 500 nisi
799 435 946 501 exercitu
969 443 1088 500 coacta

105 537 262 606 faciebat.

194 641 246 706 26.
278 640 414 707 Interim
438 641 543 708 Gaius
567 641 726 709 Caninius
756 643 894 728 legatus,
924 665 999 710 oum
1020 666 1088 709 ma-

105 768 207 831 gnam
246 745 488 811 multitudinem
523 747 717 812 convenisse
755 747 898 813 bostium
934 749 968 825 in
1006 748 1088 813 fines

105 850 279 914 Pictonum
302 847 419 914 litteris
442 851 630 936 nuntiisque
650 849 767 914 Durati
791 858 1017 934 cognosceret,
1034 851 1089 936 qui

106 961 266 1040 perpetuo
300 954 334 1017 in
357 953 502 1019 amicitia
535 963 702 1020 manserat
736 954 979 1033 Romanorum,
1015 976 1090 1018 cum

105 1080 184 1143 pars
207 1055 370 1142 quaedam
393 1059 535 1123 civitatis
559 1060 627 1124 eius
651 1057 839 1141 defecisset,
864 1057 907 1122 ad
932 1057 1090 1143 oppidum

107 1162 282 1226 Limonem
305 1158 483 1225 contendit.
515 1160 588 1241 Quo
612 1183 685 1225 cum
709 1161 901 1226 adventaret
924 1169 1023 1247 atque
1046 1183 1111 1232 exe

106 1265 250 1348 captivis
274 1262 392 1329 certius
409 1275 633 1348 cognosceret,
649 1264 758 1329 multis
775 1265 942 1330 hominum
958 1264 1090 1329 milibus

107 1391 127 1433 a
149 1367 341 1447 Dumnaco,
376 1366 459 1432 duce
484 1367 642 1449 Andium,
668 1369 842 1433 Duratium
866 1368 1013 1435 clausum
1035 1368 1091 1432 Li·

106 1493 205 1537 mone
230 1472 424 1555 oppugnari,
452 1494 558 1557 neque
587 1472 732 1536 infirmas
755 1471 908 1556 {legiones
941 1471 1090 1537 hostibus

107 1574 314 1640 committere
352 1574 507 1658 auderet,
548 1583 658 1640 castra
695 1577 806 1660 posuit
841 1575 915 1642 loco
954 1579 1089 1643 munito.

108 1679 312 1760 Dumnacus,
330 1700 404 1743 eum
415 1721 416 1724 =
428 1680 692 1765 appropinquare
709 1677 882 1744 Caninium
905 1690 1113 1765 cognossets

107 1783 215 1867 copiis
240 1782 389 1848 omnibus
413 1781 456 1846 ad
479 1782 625 1868 legiones
649 1785 817 1848 conversis
841 1792 953 1849 castra
975 1785 1091 1848 Roma·

108 1907 228 1952 norum
252 1906 442 1970 oppugnare
464 1886 614 1950 instituit.
647 1884 730 1950 Cum
754 1885 940 1971 complures
965 1887 1035 1951 dies
1058 1888 1115 1957 ine

110 1991 357 2078 oppugnatione
381 1992 640 2075 consumpsisset
668 2001 702 2054 et
732 2011 854 2074 magno
885 2012 1017 2055 suorum
1040 1989 1093 2054 de·

110 2097 265 2160 trimento
289 2092 412 2157 nullam
435 2102 562 2178 partem
585 2095 801 2158 munitionum
825 2092 1010 2158 convellere
1033 2115 1089 2179 po·

107 2198 237 2275 tuisset,
260 2219 373 2261 rursus
397 2195 439 2259 ad
463 2195 679 2262 obsidendum
702 2198 872 2261 Limonem
896 2193 990 2260 redit.

195 2298 248 2363 27.
276 2297 402 2363 Eodem
437 2307 584 2384 tempore
619 2297 655 2364 C.
685 2300 809 2365 Fabius
843 2301 970 2384 legatus
1005 2323 1092 2365 com·

108 2404 220 2489 plures
243 2403 392 2467 civitates
427 2403 460 2466 in
486 2402 584 2468 fidem
619 2406 751 2488 recipit,
782 2403 952 2469 obsidibus
983 2404 1093 2470 firmat

109 2508 292 2592 litterisque
322 2505 385 2570 Gai
416 2503 533 2569 Canini
566 2506 672 2572 Rebili
702 2507 739 2572 fit
772 2510 911 2590 certior,
947 2531 1031 2595 quae
1059 2511 1092 2574 in
1118 2558 1120 2562 ι

108 2610 302 2678 Pictonibus
326 2619 491 2694 gerantur.
537 2610 667 2690 Quibus
696 2611 794 2676 rebus
824 2613 966 2695 cognitis
996 2613 1093 2696 profi·

110 2715 247 2780 ciscitur
279 2713 320 2777 ad
344 2712 503 2777 auxilium
534 2714 672 2780 Duratio
701 2716 880 2780 ferendum.
926 2704 971 2780 'At
994 2717 1115 2784 Dum-e

109 2840 214 2884 naeus
245 2816 388 2882 adventu
422 2815 519 2880 Fabii
549 2821 679 2902 cognito
711 2819 886 2905 desperata
915 2819 1036 2894 saluto,
1066 2823 1094 2885 si

108 2932 257 3008 tempore
281 2919 395 2985 eodem
413 2930 547 2985 coactus
571 2932 659 2987 esset
676 2932 707 2987 et
723 2923 907 2988 Romanum
924 2933 1094 2989 externum

110 3027 270 3093 sustinere
299 3023 427 3087 hostem
450 3032 482 3088 et
505 3026 669 3110 respicere
693 3048 733 3090 ae
757 3028 870 3090 timere
895 3028 1092 3113 oppidanos,

110 3135 247 3216 repente
271 3149 312 3190 ex
336 3148 373 3190 eo
397 3125 471 3190 loco
496 3149 571 3192 cum
594 3131 698 3213 copiis
722 3130 848 3195 recedit
870 3152 931 3194 nec
956 3153 989 3194 se
1013 3133 1093 3197 satis

107 3242 215 3298 tutum
238 3229 307 3293 sore
332 3227 518 3312 arbitratur,
542 3232 605 3295 nisi
621 3231 754 3297 flumine
771 3233 894 3316 Ligeri,
919 3232 1095 3317 quoderat

109 3344 210 3422 ponte
232 3340 366 3417 propter
399 3332 658 3415 magnitudinem
692 3335 944 3414 transeundum,
979 3337 1094 3420 copias

108 3437 323 3504 traduxisset.
369 3435 510 3518 Fabius,
545 3439 606 3501 etsi
635 3437 780 3504 nondum
814 3440 848 3503 in
882 3448 1116 3523 conspectuma

107 3546 247 3608 venerat
284 3537 433 3602 hostibus
471 3559 577 3623 neque
615 3563 649 3605 se
687 3539 826 3607 Caninio
866 3543 1093 3625 coniunxerat,
