2430 4028
175 250 239 314 216
485 251 534 299 uu
552 251 672 302 suino
691 249 850 302 omniuo

154 441 389 508 oFrumentum
405 462 500 505 omne
515 439 559 504 ad
576 462 611 504 se
626 440 738 504 referri
754 437 860 522 iubet3
881 442 1001 525 capitis
1015 463 1159 528 poenam

155 547 225 626 riis,
244 546 298 629 qui
314 566 380 609 non
396 546 573 628 paruerint,
590 544 775 625 constituit3
796 565 911 628 pecus,
927 545 1021 609 cuius
1036 565 1158 628 magua

176 659 247 713 erat
263 649 360 732 copia
375 647 417 712 ab
434 646 625 713 Mandubiis
640 646 821 731 compulsa,
837 648 958 711 viritim
974 646 1159 727 distribuit3

153 752 372 818 strumentum
396 773 495 835 parce
511 760 544 815 ct
560 750 719 835 paulatim
733 751 840 815 metiri
859 752 1010 816 instituit.
1034 749 1160 835 Copias

177 877 304 936 omnes,
336 877 417 939 quas
447 876 506 938 pro
530 852 652 938 oppido
676 853 915 937 collocaverat,
943 857 978 919 iu
1001 854 1159 940 oppidum

154 960 309 1043 orecepit.
334 959 395 1022 His
412 957 595 1022 rationibus
618 959 744 1023 auxilia
761 956 891 1022 Galliae
910 966 1108 1043 exspectare
1129 968 1160 1023 ct

175 1061 297 1126 bellum
320 1069 417 1147 parat
432 1061 673 1126 administrare.

262 1164 313 1230 72.
336 1162 464 1245 Quibus
480 1162 577 1227 rebus
590 1165 731 1248 cognitis
747 1186 790 1228 ex
804 1164 952 1250 perfugis
967 1172 1001 1229 et
1015 1165 1160 1250 captivis

177 1269 301 1334 Caesar
333 1266 416 1332 haec
450 1289 572 1352 genera
598 1268 787 1332 munitionis
821 1268 971 1333 instituit
1016 1268 1160 1333 Fossam

176 1372 297 1460 pedum
321 1372 436 1455 viginti
454 1371 585 1436 directis
600 1369 759 1436 lateribus
776 1371 880 1450 duxit,
903 1382 941 1436 ut
962 1372 1034 1436 eius
1048 1372 1161 1436 fossae

176 1476 283 1541 solum
304 1473 495 1538 tantundem
519 1483 661 1558 pateret,
692 1483 850 1559 quantum
878 1497 1025 1539 summae
1047 1475 1160 1540 fossae

154 1578 270 1644 alabra
294 1579 462 1644 distarent.
506 1577 662 1662 Reliquas
690 1599 803 1642 omnes
831 1578 1029 1643 munitiones
1051 1576 1099 1644 ab
1121 1602 1160 1644 ea

176 1684 268 1748 fossa
291 1683 392 1767 pedes
417 1681 672 1766 quadringentos
695 1680 842 1763 reduxit,
864 1681 900 1747 id
921 1681 986 1746 boe
1007 1682 1162 1764 consilio,

175 1789 329 1871 quoniam
346 1795 473 1850 tantum
490 1795 576 1850 esset
590 1789 777 1849 necessario
794 1787 937 1869 spatium
953 1785 1160 1870 complexus,

176 1912 236 1955 nec
259 1889 357 1954 facile
381 1899 484 1953 totum
508 1910 628 1973 corpus
652 1910 777 1953 corona
799 1887 937 1954 militum
963 1890 1162 1973 cingeretur,

174 2016 216 2057 ne
244 1993 285 2057 de
314 1993 492 2078 improviso
518 2001 574 2055 aut
597 2002 697 2056 noctu
720 1992 764 2057 ad
793 1992 993 2057 munitiones
1015 1989 1161 2058 bostium

175 2095 349 2161 multitudo
384 2095 573 2175 advolaret,
608 2105 665 2159 aut
699 2096 841 2161 interdiu
868 2094 936 2159 tela
962 2096 998 2159 iu
1026 2106 1163 2161 nostros

154 2202 267 2285 soperi
298 2200 478 2263 destinatos
507 2200 657 2263 conicere
679 2209 826 2285 possent.
874 2198 947 2262 Hoc
972 2199 1161 2264 intermisso

176 2305 283 2388 spatio
313 2300 396 2365 duas
425 2301 533 2365 fossas
563 2301 748 2386 quindecim
780 2300 881 2386 pedes
911 2299 1016 2384 latas,
1047 2301 1161 2367 eadem

176 2403 348 2471 altitudine
365 2403 537 2488 perduxit;
562 2426 700 2489 quarum
715 2407 904 2468 interiorem
918 2406 1162 2489 campestribus

178 2531 218 2574 ac
235 2509 386 2573 demissis
401 2507 484 2571 locis
500 2530 586 2593 aqua
603 2530 644 2571 ex
660 2507 793 2571 flumine
809 2507 959 2571 derivata
973 2508 1164 2593 complevit

154 2614 259 2678 4Post
282 2633 340 2676 eas
363 2633 517 2695 aggerem
541 2633 579 2674 ac
604 2610 727 2676 vallum
744 2629 821 2674 xxu
844 2609 965 2695 pedum
987 2613 1163 2678 exstruxit

177 2717 265 2780 Huic
300 2714 436 2778 loricam
471 2715 653 2798 pinnasque
687 2712 810 2778 adiecit
842 2711 1026 2797 grandibus
1061 2715 1165 2780 cervis

180 2816 398 2882 eminentibus
421 2816 464 2880 ad
487 2817 721 2881 commissuras
736 2816 924 2901 pluteorum
945 2825 1046 2901 atque
1070 2838 1165 2902 agge

180 2924 236 3003 ris,
260 2923 315 3006 qui
338 2942 513 2985 ascensum
536 2919 677 2984 hostium
700 2919 880 2999 tardarent,
909 2928 942 2984 et
963 2929 1075 2987 turres
1096 2929 1164 2987 tcto

181 3046 279 3109 opere
294 3022 517 3101 circumdedit,
531 3046 614 3108 quae
630 3023 730 3109 pedes
740 3040 838 3086 uxxx
849 3023 935 3087 inter
946 3044 983 3087 se
995 3022 1164 3090 distarent.

269 3126 319 3188 73.
344 3127 427 3190 Erat
449 3125 567 3190 eodem
582 3136 730 3213 tempore
745 3136 778 3192 et
794 3127 962 3191 materiari
979 3136 1015 3192 et
1027 3125 1164 3194 frumen

182 3233 243 3294 tari
277 3240 310 3294 et
343 3238 453 3293 tantas
487 3229 684 3294 munitiones
718 3229 789 3294 fieri
822 3251 958 3295 necesse
989 3229 1164 3297 deminutis

181 3337 303 3399 nostris
327 3335 443 3416 copiis,
466 3354 550 3418 quae
566 3332 697 3416 lougius
713 3333 755 3398 ab
771 3333 891 3398 castris
909 3332 1163 3417 progredieban-

181 3449 251 3520 tur3
282 3458 321 3501 ac
350 3458 596 3521 nonnumquam
626 3458 729 3521 opera
756 3445 871 3501 nostra
893 3434 983 3501 Galli
1005 3445 1165 3525 temptare

177 3549 278 3627 atque
301 3539 508 3625 eruptionem
531 3561 573 3602 ex
597 3538 718 3624 oppido
743 3538 891 3623 pluribus
911 3540 1018 3624 portis
1040 3562 1165 3607 summa
