2430 4028
409 254 519 302 LIBER
536 255 568 317 V,
588 254 662 303 (nr.
683 255 792 302 51-5t.
1028 258 1087 320 137

107 447 240 511 circiter
264 463 320 524 Lx,
353 467 457 529 eoque
485 454 561 529 post
588 445 702 508 horam
732 467 853 509 nonam
877 444 941 509 diei
965 443 1090 510 Caesar

103 551 320 635 pervenisset,
345 559 420 624 ante
443 547 586 613 mediam
608 556 739 612 noctem
763 548 806 612 ad
829 557 941 633 portas
966 559 1088 614 castro·

104 674 181 719 rum
206 652 330 717 clamor
345 662 498 725 oreretur,
523 674 586 737 quo
611 652 753 718 clamore
778 652 973 736 significatio
992 655 1088 717 victo·

94 759 176 822 riae
205 756 448 841 gratulatioque
479 755 521 820 ab
554 756 663 820 Remis
686 755 836 820 Labieno
867 755 970 821 fieret.
1016 757 1112 823 Hace

104 860 197 924 fama
220 858 262 924 ad
278 859 440 924 Treveros
464 857 592 943 perlata
607 858 862 939 Indutiomarus,
887 861 940 944 qui
960 868 1088 942 postero

104 963 159 1027 die
184 971 294 1027 castra
311 962 449 1028 Labieni
467 984 659 1047 oppugnare
676 962 876 1047 decreverat,
901 973 1002 1028 noctu
1017 985 1090 1048 pro·

103 1066 192 1150 fugit
214 1068 393 1152 copiasque
417 1088 531 1131 omnes
554 1068 587 1130 in
611 1066 773 1131 Treveros
793 1066 929 1133 reducit.
965 1066 1111 1134 Caesare

105 1169 251 1236 Fabium
281 1191 353 1234 cum
385 1191 444 1234 sua
466 1169 596 1252 legione
618 1170 754 1234 remittit
777 1171 810 1233 in
833 1169 988 1252 hiberna,
1019 1171 1090 1255 ipse

105 1296 183 1339 cum
206 1272 311 1338 tribus
334 1272 520 1358 legionibus
550 1275 670 1338 circum
700 1273 967 1341 Samarobrivam
996 1275 1090 1339 trinis

106 1377 254 1443 hibernis
269 1376 414 1442 hiemare
431 1379 600 1443 constituit
616 1385 657 1459 et,
682 1376 770 1461 quod
786 1380 870 1443 tanti
886 1389 994 1443 motus
1015 1376 1092 1442 Cal·

105 1479 172 1545 liae
202 1482 414 1559 exstiterant,
446 1488 550 1545 totam
580 1480 719 1546 hiemem
748 1484 820 1567 ipse
843 1483 887 1547 ad
911 1481 1090 1547 exercitum

107 1606 242 1650 manere
273 1584 428 1649 decrevit.
472 1584 556 1648 Nam
589 1584 644 1649 illo
674 1586 882 1650 incommodo
913 1585 953 1650 de
976 1583 1114 1652 Sabinis

105 1697 214 1754 morte
237 1687 365 1773 perlato
391 1710 501 1753 omnes
527 1689 594 1753 fere
612 1687 742 1754 Galliae
766 1690 917 1754 civitates
941 1687 1091 1754 debello

107 1791 352 1874 consultabant,
377 1792 509 1857 nuntios
524 1790 773 1878 legationesque
796 1795 829 1857 in
854 1815 965 1858 omnes
981 1802 1092 1877 partes

109 1895 322 1962 dimittebant
345 1906 386 1973 et,
419 1896 495 1982 quid
519 1897 636 1982 reliqui
658 1897 787 1962 consilii
810 1907 966 1982 caperent
995 1906 1093 1982 atque

108 1999 200 2065 unde
232 2001 360 2065 initium
383 1998 459 2065 belli
482 1999 590 2083 fieret,
621 1999 840 2084 explorabant
867 2008 1092 2085 nocturnaque

106 2103 142 2167 in
174 2101 259 2168 locis
290 2102 428 2168 desertis
456 2103 598 2168 concilia
626 2101 802 2167 habebant.
848 2102 961 2188 Neque
991 2102 1115 2168 ullums

108 2207 177 2271 sere
201 2208 303 2271 totius
326 2205 441 2272 hiemis
464 2215 594 2290 tempus
610 2207 680 2271 sine
704 2206 923 2272 sollicitudine
940 2206 1092 2272 Caesaris

108 2311 310 2390 intercessit,
335 2311 413 2395 quin
435 2309 578 2396 aliquem
603 2309 643 2375 de
667 2310 813 2375 consiliis
837 2332 876 2374 ac
899 2319 990 2374 motu
1014 2308 1092 2374 Gal·

108 2413 218 2479 lorum
241 2414 391 2477 nuntium
421 2413 595 2498 acciperet.
628 2413 668 2477 In
692 2412 742 2477 his
767 2413 809 2478 ab
833 2415 937 2478 Lucio
962 2415 1117 2495 Roscio,o

109 2538 209 2602 quem
245 2513 368 2600 legioni
406 2515 671 2582 tertiaedecimae
709 2518 928 2602 praefecerat,
975 2517 1095 2581 certior

109 2621 219 2684 factus
236 2628 286 2683 est
301 2641 439 2704 magnas
456 2619 629 2686 Gallorum
648 2622 763 2707 copias
780 2644 890 2686 earum
912 2622 1092 2702 civitatum,

109 2746 197 2811 quae
220 2722 413 2789 Armoricae
437 2723 657 2808 appellantur,
682 2723 895 2809 oppugnandi
919 2726 969 2789 sui
993 2746 1095 2788 causa

110 2828 307 2892 convenisse
336 2848 442 2912 neque
475 2826 606 2912 longius
641 2829 731 2894 milia
761 2849 918 2912 passuum
949 2836 1023 2892 octo
1052 2825 1094 2892 ab

109 2929 258 2995 hibernis
287 2930 354 2996 suis
382 2929 522 3013 afuisse,
547 2931 605 2995 sed
629 2932 743 2996 nuntio
767 2931 868 2996 allato
893 2931 933 2996 de
956 2932 1116 2995 victoriar

113 3033 270 3099 Caesaris
294 3033 495 3118 discessisse,
521 3032 603 3098 adeo
629 3043 664 3098 ut
686 3034 785 3118 fugae
801 3034 913 3098 similis
931 3034 1094 3098 discessus

108 3137 289 3205 videretur.

200 3239 253 3307 54.
277 3240 322 3307 At
338 3239 462 3307 Caesar
478 3240 681 3327 principibus
701 3242 859 3326 cuiusque
882 3242 1026 3307 civitatis
1050 3242 1094 3306 ad

111 3369 146 3412 se
177 3346 328 3411 evocatis
357 3344 442 3410 alias
476 3345 672 3424 territando,
707 3368 780 3410 curn
812 3367 847 3409 se
876 3346 976 3421 scire,
1011 3366 1096 3429 quae

110 3451 238 3524 fierent,
256 3448 472 3531 denuntiaret,
489 3449 572 3514 alias
585 3448 788 3513 cohortando
801 3470 955 3533 magnam
968 3459 1096 3534 partem

113 3553 247 3621 Calliae
269 3554 304 3616 in
328 3553 437 3617 officio
461 3553 576 3617 tenuit.
608 3553 733 3617 Tamen
757 3550 916 3635 Senones,
941 3574 1024 3637 quae
1048 3562 1118 3617 esta
