2430 4028
120 298 161 361 53
428 297 478 346 111
497 296 617 346 annuo
637 294 795 346 1111111

121 488 297 553 altissimas
326 490 432 572 ripas,
463 487 572 552 subire
601 486 837 571 iniquissimum
861 483 986 567 locum3
1017 504 1106 569 quae

121 590 233 657 facilia
262 613 305 656 ex
335 589 535 657 difficillimis
565 593 665 655 animi
697 589 888 674 magnitudo
917 587 1106 672 redegerat.

210 694 261 759 28.
286 696 360 760 Hoc
376 694 501 780 proelio
517 694 605 758 facto
623 703 655 757 et
671 715 774 779 prope
787 692 834 778 ad·
845 693 1107 757 internecionem

122 808 218 883 gente
241 821 280 862 ac
303 800 434 863 nomine
456 797 651 862 Nerviorum
681 795 814 861 redacto
839 796 981 860 maiores
1010 801 1105 869 natu,

124 925 206 988 quos
229 925 296 967 una
319 924 394 966 cum
410 903 520 986 pueris
535 898 793 984 mulieribusque
815 900 848 962 in
872 899 1041 982 aestuaria
1065 921 1106 964 11

121 1005 259 1091 paludes
283 1009 451 1070 coniectos
481 1004 683 1086 dixeramus,
715 1004 778 1068 hac
806 1024 917 1087 pugna
938 1004 1105 1082 nuntiata,

122 1131 197 1174 eum
224 1110 405 1173 victoribus
429 1107 508 1174 nihil
532 1107 740 1191 impeditum,
773 1108 869 1171 victis
893 1106 972 1173 nihil
995 1117 1106 1175 tutum

101 1213 371 1292 2arbitrarentur,
386 1215 539 1292 omnium,
554 1214 607 1298 qui
622 1221 824 1296 supereraut,
838 1232 1003 1276 consensu
1014 1211 1105 1299 lega-

122 1328 173 1383 tos
198 1318 240 1382 ad
265 1315 440 1382 Caesarem
457 1319 616 1382 miserunt
633 1337 731 1401 seque
754 1317 784 1380 ei
808 1314 1003 1380 dediderunt
1021 1319 1105 1384 etin

124 1420 412 1487 commemoranda
436 1423 579 1486 civitatis
599 1419 788 1484 calamitate
811 1441 854 1483 ex
877 1421 1038 1485 sescentis
1063 1420 1107 1486 ad

123 1537 188 1591 tres
212 1535 391 1605 senatores,
416 1550 457 1590 ex
480 1524 648 1590 hominum
662 1522 794 1589 milibus
810 1539 857 1585 Lx
872 1523 930 1587 vix
952 1522 996 1588 ad
1012 1525 1105 1609 quin·

123 1639 263 1714 gentos,
287 1632 342 1716 qui
366 1652 458 1695 arma
479 1630 563 1693 ferre
587 1637 731 1713 possent,
760 1651 830 1693 sese
853 1626 1007 1693 redactos
1030 1650 1106 1694 esse

102 1731 286 1797 edixerunt.
327 1731 417 1812 Quos
442 1729 575 1813 Caesar,
599 1741 636 1796 ut
657 1732 690 1795 in
713 1733 851 1796 miseros
874 1752 914 1795 ac
937 1730 1106 1819 supplicos

123 1859 200 1902 usus
224 1835 450 1901 misericordia
465 1834 639 1917 videretur,
665 1834 913 1919 diligentissime
929 1856 1105 1902 conserva·

123 1943 170 2005 vit
194 1943 326 2024 suisque
348 1938 467 2005 finibus
492 1948 590 2022 atque
615 1938 744 2023 oppidis
767 1940 816 2003 uti
837 1939 941 2022 iussit,
970 1947 1006 2005 et
1032 1938 1105 2004 fini·

123 2045 210 2108 timis
232 2044 417 2128 imperavit,
441 2052 477 2107 ut
501 2040 542 2107 ab
567 2044 684 2107 iniuria
707 2051 740 2106 ct
763 2041 927 2109 maleficio
952 2065 988 2109 se
1012 2064 1105 2110 suos·

125 2167 187 2230 que
210 2145 430 2232 prohiberent.

210 2248 260 2312 29.
284 2250 461 2333 Aduatuci,
486 2251 526 2315 de
546 2249 664 2336 quibus
680 2272 781 2336 supra
803 2244 1005 2336 scripsimus,
1029 2273 1105 2319 eum

125 2353 277 2419 omnibus
301 2357 406 2438 copiis
429 2354 553 2418 auxilio
570 2353 699 2419 Nerviis
722 2353 882 2436 venirent,
904 2353 968 2419 hac
991 2376 1106 2441 pugna

101 2459 273 2522 enuntiata
288 2480 331 2521 ex
346 2459 461 2523 itinere
478 2457 609 2521 domum
625 2466 844 2539 reverterunt3
867 2459 995 2524 cunctis
1012 2462 1105 2546 oppi-

124 2560 174 2624 dis
205 2558 415 2646 castellisque
445 2559 583 2626 desertis
607 2582 667 2626 111
697 2563 806 2625 omnia
829 2563 862 2624 iu
885 2583 984 2626 unum
1010 2565 1104 2651 oppi-

101 2664 200 2728 adum
218 2666 348 2748 egregie
364 2673 482 2729 natura
497 2665 658 2729 munitum
674 2664 891 2729 coutulerunt.
916 2664 1014 2746 Quod
1029 2689 1105 2733 cum

123 2790 165 2830 cx
190 2767 341 2832 omnibus
364 2769 396 2831 in
421 2769 559 2832 circuitu
575 2767 724 2853 partibus
741 2767 919 2834 altissimas
937 2791 1037 2855 rupes
1053 2769 1105 2836 de

124 2879 321 2956 spectasque
351 2869 502 2948 haberet,
536 2893 603 2935 una
634 2880 793 2955 exparte
822 2869 938 2936 leniter
968 2873 1104 2940 acclivis

124 2974 232 3038 aditus
244 2976 277 3038 in
289 2973 496 3039 latitudinem
515 2997 581 3038 non
598 2974 738 3058 amplius
752 2974 967 3041 ducentorum
982 2976 1104 3062 pedum

123 3076 382 3162 relinquebatur3
411 3100 507 3163 quem
535 3077 643 3142 locum
672 3077 795 3163 duplici
826 3078 985 3145 altissimo
1009 3104 1105 3149 muro

123 3183 322 3245 munierant:
346 3191 416 3247 tum
438 3185 549 3265 magni
573 3182 728 3266 ponderis
753 3205 836 3246 saxa
859 3191 891 3248 et
906 3197 1105 3268 praeacutas

101 3283 234 3348 strabes
258 3287 290 3348 in
314 3309 407 3351 muro
432 3285 652 3351 collocabant.
687 3287 755 3372 Ipsi
781 3295 874 3352 erant
897 3309 938 3351 ex
962 3284 1105 3355 Cimbris

123 3389 346 3474 'leratouisquo
370 3392 537 3474 prognati,
567 3393 637 3476 qui,
662 3413 736 3455 curn
759 3392 821 3455 iter
843 3393 876 3456 in
899 3391 1104 3476 provinciam

124 3503 271 3558 nostram
303 3502 400 3579 atque
430 3493 559 3562 11111111
590 3496 753 3573 facerent,
782 3497 821 3559 iis
850 3495 1105 3581 impedimentis,

124 3618 208 3678 quae
238 3619 349 3662 secum
377 3619 475 3681 agere
504 3620 543 3663 ao
573 3609 705 3682 portare
728 3622 792 3664 non
817 3607 987 3683 poterant,
1021 3603 1106 3668 citra
