2430 4028
180 246 244 308 224
489 246 538 294 os
558 245 678 295 annno
697 245 856 296 osnnrco

262 437 313 501 82.
339 438 426 502 Dum
456 438 584 522 longius
617 439 659 503 ab
683 441 863 504 munitione
892 438 1032 504 aberant
1056 437 1160 517 Galli,

176 539 249 624 plus
272 540 477 607 multitudine
506 542 646 608 telorum
670 541 903 627 proficiebant3
938 551 1159 628 posteaquam

175 647 309 730 propius
333 655 570 727 successerunt,
587 655 643 709 aut
666 668 701 710 se
717 645 858 710 stimulis
879 648 1091 731 inopinantes
1116 647 1161 710 in·

175 746 320 812 duebant
343 757 399 812 aut
427 749 460 812 in
484 747 618 812 scrobes
641 747 741 812 delati
764 747 1074 814 transfodiebantur
1096 760 1156 814 aut

174 873 216 914 ex
239 850 325 914 vallo
359 872 399 915 ac
421 851 565 916 turribus
588 854 714 916 uaiecti
748 853 825 937 pilis
848 851 1029 918 muralibus
1052 855 1161 918 interi·

151 952 264 1016 ebant.
287 952 401 1018 Multis
424 953 567 1040 undique
591 955 780 1020 vulneribus
803 957 951 1040 acceptis
972 954 1068 1021 nulla
1091 979 1161 1021 mn-

173 1060 297 1122 uitione
326 1069 495 1142 perrupta,
525 1081 599 1122 cum
628 1059 685 1124 lux
708 1067 890 1145 appeteret.
911 1061 1018 1137 veriti,
1051 1082 1096 1124 ne
1117 1059 1160 1124 ab

174 1159 276 1224 latere
299 1170 414 1246 aperto
444 1184 486 1226 ex
510 1161 732 1246 superioribus
756 1163 874 1227 castus
903 1163 1076 1247 eruptione
1099 1165 1160 1228 cir-

152 1266 449 1344 scumvenirentur,
466 1287 501 1328 se
516 1264 560 1328 ad
584 1286 661 1329 suos
677 1275 880 1351 receperunt.
903 1263 950 1330 At
971 1267 1160 1346 interiores,

175 1367 250 1431 dum
275 1390 324 1444 ea,
349 1389 432 1452 quae
456 1391 476 1432 a
489 1368 757 1452 Vercingetorige
780 1368 823 1433 ad
847 1368 1052 1453 eruptionem
1070 1391 1163 1454 prae

152 1480 293 1555 oparata
326 1481 440 1547 erant,
478 1472 666 1556 proferunt,
707 1473 833 1557 priores
868 1472 976 1537 fossas
1010 1472 1161 1563 explent,

175 1573 297 1638 diutius
330 1577 365 1640 in
394 1573 444 1638 his
477 1574 577 1639 rebus
614 1575 884 1640 administrandis
914 1577 1033 1640 morati
1070 1579 1161 1663 prius

175 1700 252 1742 suos
282 1677 473 1744 discessisse
508 1688 753 1762 cognoverunt,
794 1700 891 1765 quam
924 1679 1161 1745 munitionibus

175 1783 489 1866 appropinquarent.
528 1780 580 1845 Ita
609 1804 645 1845 re
667 1781 790 1845 infecta
811 1781 845 1845 in
869 1780 1028 1867 oppidum
1050 1805 1159 1849 rever·

179 1894 299 1949 terunt.

262 1986 313 2050 83.
336 1987 394 2052 Bis
422 2009 541 2070 magno
573 2010 647 2052 cum
669 1987 872 2071 ⁸detrimento
906 1988 1032 2075 repulsi
1058 1988 1158 2073 Galli,

176 2090 254 2176 quid
288 2101 399 2175 agant,
434 2092 624 2173 consulunt;
658 2091 805 2158 locorum
827 2095 951 2178 peritos
982 2091 1159 2176 adhibent3

176 2216 218 2259 ex
246 2194 297 2259 his
328 2198 532 2279 superiorum
568 2203 750 2259 castrorum
786 2195 867 2260 situs
896 2195 1162 2283 munitionesque

154 2306 390 2382 scognoscunt.
436 2299 517 2361 Erat
549 2320 570 2361 a
604 2297 882 2383 septentrionibus
916 2296 1035 2377 collis,
1065 2320 1161 2385 quem

176 2412 311 2486 propter
342 2402 597 2486 magnitudinem
627 2403 782 2465 circuitus
805 2422 904 2485 opere
932 2401 1162 2488 circumplecti

176 2527 243 2570 non
267 2514 443 2590 potuerant
465 2507 585 2586 nost1i;
607 2506 794 2571 necessario
819 2526 924 2589 paene
945 2505 1063 2591 iniquo
1086 2505 1160 2571 loco

154 2619 208 2673 set
230 2607 347 2674 leniter
369 2608 489 2674 declivi
512 2619 622 2675 castra
648 2609 806 2673 fecerant.
842 2608 938 2673 Haec
962 2606 1073 2674 Gaius
1098 2610 1161 2674 An·
1202 2636 1205 2691 ς

176 2715 283 2778 tistius
318 2713 463 2796 Reginus
497 2723 530 2778 ct
564 2713 668 2779 Gaius
698 2712 856 2779 Caninius
888 2713 1023 2779 Rebilus
1060 2712 1161 2798 legati
1203 2708 1205 2717 '

153 2838 250 2883 scum
268 2816 394 2881 duabus
416 2816 599 2901 legionibus
623 2815 826 2882 obtinebant.
851 2815 1001 2901 Cognitis
1023 2838 1085 2900 per
1105 2838 1160 2882 ex·

176 2919 368 3005 ploratores
390 2922 577 3004 regionibus
612 2919 712 2985 duces
739 2921 882 2986 hostium
912 2938 960 2983 nx
993 2919 1089 2987 milia
1119 2942 1160 2985 ex

177 3026 264 3088 omni
287 3045 420 3088 numero
441 3023 588 3107 deligunt
611 3046 723 3089 earum
746 3024 931 3106 civitatum,
954 3044 1041 3110 qnae
1058 3022 1160 3090 maxi·

151 3149 262 3191 smam
297 3129 427 3193 virtutis
466 3129 654 3212 opinionem
686 3125 876 3210 babebaut3
914 3126 993 3213 quid
1030 3148 1159 3215 qnoque

175 3239 273 3316 pacto
308 3231 362 3313 agi
396 3230 547 3315 placeat,
586 3230 714 3296 occulte
749 3232 834 3296 inter
867 3254 902 3296 se
935 3232 1159 3313 constituunt3

174 3332 318 3399 adeundi
352 3343 481 3419 tempus
515 3334 691 3417 definiunt,
724 3354 799 3398 cum
828 3332 982 3399 meridies
1011 3355 1089 3402 esse
1116 3333 1159 3399 vi·

149 3438 301 3503 edentur.
346 3436 407 3502 His
440 3438 545 3521 copiis
579 3436 927 3503 Vercassivellaunum
959 3435 1159 3517 Arvernum,

175 3563 275 3606 unum
304 3563 347 3605 ex
369 3549 525 3625 quattuor
553 3539 709 3624 ducibus,
737 3542 957 3627 propinquum
979 3539 1158 3628 Vercinge-
