2430 4028
398 266 508 317 runnu
526 266 571 330 vr,
592 265 668 317 cur.
690 265 799 314 12-13,
1028 265 1085 328 151

197 454 246 521 13.
269 455 309 521 In
334 456 423 521 omni
439 453 551 521 Gallia
574 476 688 520 eorum
706 453 884 540 homiuum,
908 458 964 542 qui
979 455 1090 542 aliquo

105 569 185 626 sunt
206 581 343 626 numero
366 568 465 646 atque
486 558 620 642 honore,
645 580 765 643 genera
791 570 866 625 sunt
890 560 966 625 duo.
1003 559 1091 624 Nam

104 664 220 750 plebes
253 686 359 749 paene
393 685 562 729 servornm
595 662 737 728 habetur
766 662 862 744 loco,
896 685 981 749 quae
1010 662 1092 728 nihil

105 767 210 835 audet
239 789 299 854 per
328 789 377 845 se,
411 766 500 832 nullo
531 766 706 832 adhibetur
734 766 884 832 oonsilio.
929 766 1126 851 Ple1·iqne,2

105 895 182 938 eum
207 880 264 936 aut
285 893 361 936 aere
377 869 484 935 alieno
501 880 558 936 aut
573 870 800 954 magnitudine
822 868 1019 936 tributorum
1035 880 1092 934 aut
1148 951 1151 959 Ι

104 976 229 1040 iniuria
259 976 481 1059 potentiorum
509 982 714 1059 premuntur,
746 995 817 1037 εθεθ
845 975 876 1038 in
902 975 1091 1039 servitutem
1194 962 1197 966 Δ

105 1079 221 1145 dieunt
253 1075 428 1142 nobilibus.
473 1076 512 1142 In
541 1077 601 1141 hos
631 1076 746 1141 eadem
776 1079 888 1141 omniu
911 1084 986 1142 nunt
1008 1079 1126 1158 iura‚n

105 1203 194 1268 quae
223 1180 362 1246 dominis
385 1181 420 1244 in
443 1201 565 1245 servos.
611 1178 679 1245 Sed
703 1176 816 1245 dehis
841 1179 968 1245 duobus
993 1203 1090 1265 gene·

103 1283 200 1351 ribus
232 1282 371 1348 alterum
399 1290 449 1346 est
471 1282 638 1366 druidum,
669 1283 809 1347 alterum
839 1284 994 1367 equitum.
1038 1284 1126 1353 Illir

104 1387 208 1453 rebus
233 1386 351 1451 divinis
373 1388 545 1468 intersunt,
570 1386 733 1451 sacrificiu
749 1385 883 1471 publiea
899 1409 938 1451 ao
961 1388 1112 1472 privata..

106 1499 298 1579 procurant,
321 1489 497 1575 religiones
513 1491 783 1576 interpretantur,
807 1489 930 1555 adeon
953 1513 1091 1576 magnus

104 1594 369 1661 adulescentium
391 1616 546 1659 numerus
570 1592 764 1678 disciplinae
786 1615 889 1659 causa
915 1597 1112 1678 eonourrit,¹

106 1720 297 1785 mugnoque
320 1697 352 1762 hi
378 1707 453 1763 sunt
475 1696 564 1783 apud
593 1720 649 1762 eos
672 1695 808 1762 honore.
851 1697 937 1762 Nam
959 1697 1028 1763 fere
1052 1697 1126 1769 den

105 1801 264 1868 omnibus
297 1803 530 1867 controversiis
564 1800 705 1886 publicis
734 1802 938 1887 privatisque
972 1805 1091 1867 eonsti-

103 1915 213 1984 ruunt,
237 1914 286 1989 et,
311 1906 338 1970 si
362 1893 449 1991 quod
472 1913 522 1970 θεῖ
545 1904 724 1971 admissum
748 1905 894 1987 facinus,
919 1906 946 1968 si
970 1906 1090 1971 caedes

104 2012 210 2094 faeta,
234 2010 262 2076 si
286 2009 326 2074 de
349 2009 550 2090 hereditate,
575 2007 616 2072 de
638 2007 759 2074 finibus
782 2010 1009 2073 controversia
1031 2019 1091 2092 ent,

104 2111 207 2178 iidem
238 2111 431 2190 decernunt,
469 2114 617 2198 praemia
649 2134 839 2198 poenasque
874 2115 1091 2196 constituunt,

105 2219 134 2282 εἰ
158 2217 216 2302 qui
239 2224 297 2281 aut
319 2217 468 2301 privatus
492 2226 549 2281 aut
566 2216 706 2303 populus
729 2239 842 2282 eorum
869 2217 1000 2282 deoreto
1024 2240 1091 2282 non
1114 2246 1127 2284 o

106 2322 207 2402 stetit,
232 2320 405 2386 sacrifieiis
428 2319 637 2385 interdicunt.
675 2320 768 2385 Haeo
792 2343 899 2406 poena
922 2320 1011 2404 apud
1033 2343 1091 2385 θοε

105 2433 157 2491 θεῖ
180 2425 388 2509 gravissima.
434 2424 561 2505 Quibus
584 2426 631 2489 itu
653 2434 703 2489 θεῖ
724 2424 950 2507 interdictum,
974 2424 1008 2489 hi
1030 2448 1090 2489 nu·
1114 2451 1126 2490 r

105 2550 198 2594 mero
214 2529 391 2613 impiorum
406 2549 445 2591 ao
464 2527 698 2594 sceleratorum
713 2527 886 2609 habentur,
910 2526 960 2592 his
978 2550 1090 2593 omnes

105 2628 285 2712 decedunt,
315 2630 440 2697 aditum
464 2653 710 2716 sermonemque
738 2630 924 2715 defugiunt,
948 2654 988 2696 ne
1012 2632 1091 2717 quid

106 2757 150 2799 ex
174 2735 372 2819 contagione
395 2733 594 2799 incommodi
618 2735 800 2819 accipiunt,
829 2757 935 2821 neque
963 2735 1014 2799 his
1036 2759 1091 2822 pe-

106 2836 255 2903 tentibus
286 2840 337 2903 ius
368 2838 517 2904 redditur
538 2861 645 2925 neque
667 2838 774 2904 honos
796 2839 882 2904 ullus
912 2841 1091 2904 eommuni-

105 2949 213 3006 catur.
250 2940 312 3006 His
335 2950 445 3007 autem
470 2942 621 3008 omuibus
645 2941 816 3007 druidibus
839 2953 973 3028 praeest
995 2966 1090 3027 nune,
1113 2968 1127 3007 ε

105 3047 164 3131 qui
199 3066 360 3110 summam
394 3047 478 3111 inter
512 3067 569 3111 eos
599 3045 700 3112 habet
731 3048 969 3111 auctoritatem.
1016 3047 1127 3111 Hooo

104 3155 238 3212 mortuo
268 3156 336 3231 aut,
371 3150 398 3212 si
428 3151 482 3234 qui
512 3172 554 3213 ex
589 3148 724 3235 reliquis
757 3149 891 3214 excellit
920 3149 1090 3234 dignitate,

106 3249 266 3334 succedit,
285 3260 352 3333 aut,
369 3252 396 3316 si
413 3261 488 3315 sunt
505 3251 615 3336 plures
628 3275 736 3338 pares,
754 3254 910 3338 suffragio
929 3253 1091 3336 druidum,

105 3375 355 3440 nonnumquam
371 3357 470 3420 etiam
493 3357 593 3421 armis
618 3358 658 3422 de
674 3359 861 3443 principatu
877 3360 1089 3424 contendunt.

105 3458 151 3523 Hi
181 3467 271 3523 certo
306 3460 384 3523 unni
407 3469 556 3545 tempore
578 3463 611 3525 in
634 3461 754 3527 finibus
778 3458 959 3526 Carnutum
967 3511 975 3542 ,
1007 3485 1090 3547 quae
1103 3487 1128 3525 ιο

106 3562 199 3647 regio
231 3564 332 3628 totius
357 3563 487 3630 Galliae
516 3564 625 3630 media
661 3564 817 3646 habetur,
853 3565 1027 3631 considunt
1055 3569 1088 3631 in
