2430 4028
413 259 523 309 LIBER
542 258 604 324 1111,
624 259 701 312 ΟΑΡ.
721 261 795 313 1-4.
1053 261 1094 328 83

109 449 277 533 celeriter,
312 473 386 516 cum
416 474 494 517 usus
525 463 583 530 est,
617 455 800 537 recipiunt,
841 475 946 538 neque
980 475 1115 522 eorumr

107 553 259 620 moribus
275 557 401 640 turpius
413 556 588 641 quicquam
605 565 662 621 aut
676 557 811 620 inertius
828 555 976 638 habetur,
994 578 1093 641 quam

108 658 276 744 ephippiis
308 659 364 722 uti.
395 659 511 745 Itaque
534 659 578 724 ad
610 661 758 746 quemvis
786 681 955 724 numerum
980 659 1135 745 ephip-r·

107 764 276 844 piatorum
315 764 459 849 equitum
498 764 648 850 quamvis
693 765 790 848 pauci
831 761 922 827 adire
959 763 1092 828 audent.

109 865 235 930 Vinum
269 866 313 930 ad
348 889 383 931 se
412 870 544 932 omnino
575 868 743 952 importari
766 889 833 931 non
857 869 977 943 sinunt,
1004 867 1113 952 quodo

108 991 150 1032 ea
179 990 213 1032 re
244 969 288 1034 ad
316 968 463 1033 laborem
489 970 659 1035 ferendum
689 967 916 1034 remollescere
945 968 1091 1033 homines

108 1080 212 1156 atque
236 1072 415 1137 effeminari
438 1072 647 1138 arbitrantur.

197 1174 228 1238 3.
251 1176 387 1242 Publice
409 1180 589 1244 maximam
605 1189 723 1264 putant
738 1201 810 1243 esse
829 1178 970 1260 laudem,
994 1199 1091 1263 quam

107 1277 270 1343 latissime
292 1303 312 1344 a
336 1282 403 1346 suis
426 1280 546 1345 finibus
568 1304 689 1347 vacare
712 1304 827 1366 agros:
851 1281 913 1346 hao
936 1304 972 1345 re
995 1284 1094 1365 signi-

106 1382 202 1446 ficari
234 1405 388 1468 magnum
418 1407 587 1450 numerum
623 1388 792 1450 civitatum
823 1407 916 1449 suam
944 1387 1012 1448 vim
1043 1409 1092 1449 su-

111 1487 236 1550 stinere
264 1509 331 1551 non
354 1510 462 1573 posse.
495 1489 613 1574 Itaque
642 1512 708 1552 una
739 1511 780 1552 ex
809 1499 902 1572 parto
933 1489 1115 1555 aSuebis2

107 1591 243 1654 circitor
275 1589 366 1654 milia
406 1613 565 1676 passuum
600 1602 751 1656 sescenta
785 1592 856 1675 agri
889 1598 1011 1656 vacare
1046 1592 1093 1656 di·

106 1703 240 1759 cuntur.
263 1693 317 1759 Ad
340 1697 480 1759 alteram
495 1704 621 1780 partem
645 1694 825 1760 succedunt
849 1693 936 1777 Ubii,
954 1717 1113 1779 quorums

106 1799 171 1862 fuit
195 1799 313 1863 civitas
337 1798 449 1883 ampla
472 1808 570 1884 atque
591 1797 722 1881 florens,
746 1807 782 1862 ut
804 1807 854 1862 est
876 1807 993 1881 captus
1010 1796 1091 1862 Ger-

106 1922 296 1984 manorum,
331 1912 364 1967 et
385 1901 501 1987 paulo,
541 1922 639 1987 quam
673 1911 749 1966 sunt
771 1901 919 1966 eiusdem
952 1903 1090 1984 generis,

109 2006 156 2088 [et
192 2003 304 2088 ceteri]
339 2004 564 2088 humaniores,
605 2013 781 2090 propterea
822 2004 909 2089 quod
943 2004 1092 2068 Rhenum

104 2109 284 2191 attingunt,
308 2108 509 2194 multumque
537 2108 581 2173 ad
604 2129 661 2172 eos
685 2116 885 2172 mercatores
916 2109 1090 2188 ventitant,

106 2222 140 2276 et
161 2213 227 2297 ipsi
250 2222 385 2297 propter
400 2213 678 2298 propinquitatem
695 2208 834 2275 Gallicis
851 2220 928 2275 sunt
943 2209 1089 2274 moribus

104 2315 298 2379 assuefacti.
330 2315 402 2379 Hos
426 2336 501 2379 oum
531 2313 630 2379 Suebi
654 2311 766 2378 multis
796 2335 893 2399 saepe
915 2312 1010 2378 bellis
1033 2336 1113 2381 ext

104 2419 192 2504 perti
218 2427 357 2503 propter
380 2416 628 2502 amplitudinem
657 2419 916 2501 gravitatemque
943 2419 1087 2482 civitatis

103 2519 229 2586 finibus
252 2519 417 2606 expellere
438 2542 505 2585 non
539 2522 733 2606 potuissent,
767 2530 877 2585 tamen
910 2521 1090 2604 vectigales

105 2624 168 2689 sibi
203 2624 351 2689 fecerunt
384 2647 423 2689 ac
460 2626 563 2690 multo
602 2623 793 2690 humiliores
830 2624 1089 2709 infirmioresque

105 2728 315 2811 redegerunt.

192 2830 223 2895 4.
246 2832 285 2896 In
308 2831 425 2897 eadem
447 2854 550 2898 causa
565 2833 695 2898 fuerunt
710 2833 863 2919 Usipetes
880 2842 913 2897 et
925 2833 1087 2915 Tencteri,

104 2955 190 3024 quos
214 2957 315 3020 supra
333 2934 487 3019 diximus,
504 2938 560 3023 qui
576 2936 760 3021 complures
784 2957 888 3001 annos
905 2934 1088 3001 Sueborum

102 3040 171 3104 vim
196 3040 435 3121 sustinuerunt,
470 3039 514 3103 ad
547 3048 728 3104 extremum
762 3047 873 3103 tamon
907 3042 996 3124 agris
1031 3062 1088 3103 ex-

103 3142 192 3228 pulsi
221 3151 256 3208 et
277 3141 389 3207 multis
422 3140 504 3206 locis
537 3141 733 3207 Germaniae
768 3144 941 3208 triennium
974 3145 1088 3226 vagati

104 3246 147 3311 ad
180 3245 329 3310 Rhenum
362 3255 590 3330 pervenerunt.
634 3245 727 3326 Quas
761 3247 913 3328 regiones
941 3246 1109 3330 Menapiis

103 3348 295 3413 incolebant
324 3358 356 3412 et
385 3348 428 3411 ad
456 3358 627 3433 utramque
656 3349 762 3433 ripam
795 3349 939 3413 fluminis
974 3370 1085 3432 agros,

103 3452 259 3517 aedificia
280 3453 438 3536 vicosque
460 3450 638 3534 habebant,
660 3451 719 3515 sed
741 3460 853 3516 tantae
869 3451 1108 3520 multitudiniss

103 3555 196 3621 aditu
219 3555 383 3641 perterriti
412 3577 454 3619 ox
483 3556 525 3619 iis
548 3539 718 3635 aediffciis,
742 3577 827 3640 quae
853 3555 1086 3621 transflumen

892 3673 932 3725 μ
