2430 4028
126 255 169 318 40
230 257 278 305 DE
297 256 417 305 BELLO
437 255 595 307 ohnnlco
632 257 743 308 LIBER
760 259 781 319 1,
803 259 878 312 CAP.
897 257 939 320 53,
959 260 1001 308 54.

125 444 390 514 honestissimum
411 450 601 532 provinciae
621 447 766 527 Galliae,
791 471 885 514 suum
907 448 1108 514 familiarem

127 558 159 614 et
181 549 355 637 hospitem,
379 560 527 638 ereptum
549 576 567 618 e
590 551 741 618 manibus
760 551 905 619 hostium
927 552 990 619 sibi
1012 556 1107 620 resti-

126 664 233 722 tutum
254 655 399 740 videbat,
430 679 537 743 neque
559 659 628 723 eius
651 657 841 723 calamitate
870 657 910 722 de
932 666 1026 722 tanta
1048 680 1107 722 vo-

126 760 252 847 luptate
268 770 299 826 et
314 761 536 845 gratulatione
552 764 729 848 quiequam
744 763 876 827 fortuna
891 761 1108 827 deminuerat.

104 864 159 930 uls
183 887 218 929 se
234 876 407 948 praesente
424 866 464 931 de
487 889 522 931 se
537 874 586 930 ter
602 866 744 932 sortibus
761 865 947 932 consultum
962 864 1108 947 dicebat,

125 978 234 1032 utrum
264 970 331 1053 igni
366 972 476 1034 statim
505 979 688 1052 necaretur,
713 993 755 1034 an
786 972 820 1035 in
854 969 943 1034 aliud
976 980 1108 1056 tempus

124 1082 359 1138 reservaretur:
395 1075 530 1139 sortium
554 1073 713 1140 beneficio
737 1097 772 1139 se
796 1097 868 1138 esse
898 1071 1108 1138 ineolumem.

102 1176 206 1241 aItem
218 1176 350 1244 Marcus
364 1177 483 1244 Metius
506 1193 653 1265 repertus
676 1187 709 1243 et
724 1178 768 1243 ad
783 1201 855 1243 eum
871 1177 1027 1243 reduetus
1045 1187 1107 1243 est.

207 1280 261 1348 54.
284 1282 359 1347 Hoo
382 1282 506 1369 proelio
530 1293 622 1349 trans
645 1283 796 1349 Rhenum
818 1284 968 1347 nuntiato
993 1280 1107 1362 Suebi,

124 1388 178 1471 qui
202 1385 246 1450 ad
268 1387 357 1471 ripas
379 1386 483 1451 Rheni
515 1396 690 1463 venerant,
722 1386 854 1452 domum
881 1386 1001 1450 reverti
1035 1407 1109 1449 ooe-

122 1499 260 1575 perunt3
291 1511 371 1575 quos
395 1488 489 1572 Ubii,
521 1492 576 1575 qui
605 1492 748 1577 proximi
770 1489 919 1555 Rhenum
948 1487 1109 1571 incolunt,

123 1596 313 1678 perterritos
336 1595 476 1658 insecuti
499 1615 654 1678 magnum
678 1617 719 1658 ex
749 1594 799 1658 his
823 1614 993 1658 numerum
1023 1595 1109 1656 ooni-

101 1697 250 1762 aderunt.
276 1695 400 1762 Caesar
428 1720 494 1761 una
523 1706 648 1762 aestate
672 1696 800 1762 duobus
831 1697 983 1760 maximis
1013 1694 1109 1760 bohis

124 1800 282 1866 confectis
305 1801 465 1866 maturius
488 1799 598 1886 paulo,
624 1823 722 1885 quam
742 1809 870 1885 tempus
894 1801 970 1863 anni
993 1808 1108 1883 postu-

124 1902 230 1986 labat,
262 1906 295 1968 in
318 1904 455 1969 hiberna
489 1906 523 1970 in
546 1903 717 1990 Sequanos
747 1906 926 1968 exereitum
954 1900 1110 1984 deduxit3

123 2006 268 2072 hibernis
300 2007 485 2073 Labienum
515 2011 721 2093 praeposuit,
755 2008 827 2092 ipse
857 2009 891 2071 in
926 2006 1111 2070 citeriorem

124 2109 269 2176 Galliam
296 2111 338 2177 ad
362 2121 543 2177 conventus
567 2111 713 2196 agendos
738 2111 904 2194 profectus
930 2119 988 2174 est.
