2430 4028
375 990 412 1057 Ο.
435 992 549 1058 IULII
577 991 795 1060 CAESARIS

156 1152 265 1261 DE
314 1152 590 1263 BELLO
635 1150 1018 1264 GALLIOO

388 1364 531 1421 LIBER
562 1364 784 1430 QUINTUS.

511 1548 665 1556 *ιι-...-

443 1718 736 1775 ARGUMENTUM.

101 1839 140 1907 [A.
159 1841 192 1895 U.
213 1841 242 1894 C.
262 1840 329 1907 700.]
347 1842 419 1891 Dum
439 1857 471 1891 sx
485 1841 611 1892 Caesaris
629 1843 705 1893 iussu
717 1855 818 1906 magna
829 1841 927 1892 classis
944 1843 975 1892 in
988 1840 1084 1893 Gallia

133 1929 292 1992 instruitur,
319 1930 377 1993 ipse
405 1930 433 1978 in
460 1928 600 1994 Illyricum
625 1929 760 1994 profectus
787 1927 911 1978 Pirustas
938 1927 1084 1978 obsidibus

133 2015 273 2079 imperatis
293 2014 401 2064 cohibet
418 2032 442 2065 c.
463 2017 485 2067 1.
521 2015 553 2064 In
573 2013 690 2064 Galliam
709 2029 842 2077 reversus,
859 2017 1005 2079 postquam
1016 2014 1083 2066 Τια-

134 2114 257 2149 verorum
285 2099 378 2149 turbas
402 2101 553 2165 composuit
576 2105 603 2150 ct
626 2099 767 2150 interfecto
786 2099 954 2164 Dumnorige
973 2099 1085 2151 Aeduos

134 2187 256 2237 coercuit
282 2204 305 2238 c.
329 2189 413 2246 2-7,
444 2190 542 2238 iterum
570 2190 597 2236 in
622 2187 792 2237 Britanniam
820 2187 968 2237 exercitum
995 2190 1084 2237 trane

133 2274 216 2323 mittit
239 2289 262 2322 c.
281 2275 374 2324 8-11.
411 2275 487 2335 Quae
512 2273 547 2323 sit
573 2273 733 2322 Britanniae
755 2271 961 2336 incolarumque
984 2276 1085 2323 natura

135 2364 215 2423 atque
234 2359 350 2423 indoles,
369 2360 512 2424 exponitur
530 2376 554 2409 c.
574 2359 683 2409 12-14.
706 2358 829 2409 Devictis
847 2359 894 2423 qui
912 2358 981 2408 citra
999 2357 1086 2409 ultra·

135 2460 187 2509 que
215 2445 350 2496 Tamesim
380 2446 506 2495 accolunt
533 2463 556 2495 c.
582 2446 700 2508 15-22,
727 2447 756 2495 in
783 2443 903 2495 Galliam
929 2445 1087 2495 revertitur.

135 2531 276 2595 Plerisque
300 2531 387 2581 Gnllis
410 2549 427 2581 u
451 2531 567 2582 Caesare
593 2530 781 2580 deficientibus
805 2529 890 2595 legati
915 2529 1035 2581 Sabinus
1060 2536 1087 2582 et

135 2617 214 2666 Cotta
241 2633 301 2666 curn
330 2617 436 2683 legione
464 2618 498 2666 ab
527 2617 701 2666 Eburonibus
730 2617 906 2667 circumventi
933 2615 1088 2667 caeduntur

136 2720 158 2751 c.
176 2704 287 2754 23-37.
323 2704 418 2753 Victor
436 2703 576 2753 Ambiorix
600 2703 757 2753 Aduatucos
781 2708 809 2753 et
825 2701 940 2752 Nervios
965 2701 1020 2752 sibi
1039 2702 1086 2752 ad-

135 2792 224 2854 iungit
249 2795 276 2840 et
294 2790 326 2850 Q.
345 2791 484 2840 Ciceronis
508 2795 597 2840 castra
624 2790 743 2853 graviter
766 2793 906 2853 oppugnat
929 2802 952 2838 c.
970 2786 1086 2849 38-48,

136 2876 260 2926 Caesaris
288 2877 407 2925 adventu
434 2876 526 2925 hostes
553 2875 587 2924 ab
612 2874 752 2924 obsidione
776 2873 958 2934 deterrentur,
987 2872 1088 2925 deinde

135 2963 240 3026 proelio
258 2961 329 3011 facto
348 2961 526 3027 profligantur
544 2977 567 3010 c.
584 2961 695 3010 49-51.
724 2960 845 3010 Senones
863 2958 1042 3010 nihilominus
1061 2966 1089 3011 et

137 3049 248 3098 Treveri
266 3063 310 3098 res
328 3063 413 3099 novas
432 3048 591 3111 moliuntur,
610 3046 658 3096 scd
676 3047 818 3096 interfecto
836 3045 1024 3096 Indutiomaro
1045 3061 1089 3096 res

136 3134 247 3199 paulum
266 3140 398 3199 pacantur
417 3150 439 3187 c.
459 3133 569 3183 52-58.

190 3323 217 3385 1.
254 3324 293 3387 L.
318 3324 485 3405 Domitio,
515 3321 578 3407 Ap.
602 3321 742 3387 Claudio
766 3320 958 3387 consulibus
981 3322 1088 3388 disce

103 3426 185 3491 dens
219 3425 261 3491 ab
286 3425 431 3490 hibernie
462 3425 588 3491 Caesar
614 3427 646 3489 in
674 3423 814 3506 Italiam,
843 3434 880 3488 ut
909 3429 1089 3509 quotannis

103 3530 213 3595 facere
236 3539 427 3612 consuerat,
458 3529 576 3614 legatie
605 3531 760 3614 imperat,
796 3550 878 3613 quos
901 3526 1089 3613 legionibus
