2430 4028
365 262 476 312 amaa
493 261 515 325 1,
534 261 610 312 cnr.
629 260 739 314 21-25.
1003 260 1042 324 17

64 479 85 520 a
109 479 144 520 se
166 456 408 535 existimarent,
444 477 482 519 eo
506 455 628 538 magis,
659 452 748 539 quod
770 451 874 538 pridie
898 453 1044 535 superio·

64 556 155 622 ribus
184 558 266 623 locis
295 559 465 643 occupatis
494 557 653 643 proelium
692 578 759 621 non
792 556 1043 639 commisissent,

66 663 135 724 sive
158 683 208 744 eo,
233 661 321 746 quod
343 684 379 726 re
401 661 613 725 frumentaria
640 658 815 724 intercludi
844 680 944 743 posse
967 682 1042 725 con-

65 763 212 847 fiderent,
237 772 437 828 commutato
461 761 598 828 consilio
621 771 720 848 atque
745 762 861 826 itinere
883 784 1042 827 converso

64 875 196 931 nostros
224 888 245 930 a
266 868 447 932 novissimo
482 869 612 950 agmine
644 866 773 950 insequi
808 887 848 930 ac
882 865 1043 930 lacessere

66 979 255 1054 coeperunt.

150 1072 201 1136 24.
225 1071 405 1157 Postquam
427 1073 462 1138 id
484 1073 628 1136 animum
650 1071 802 1154 advertit,
826 1073 941 1154 copias
966 1095 1042 1138 suas

64 1173 189 1240 Caesar
210 1177 245 1239 in
259 1175 446 1260 proximum
468 1174 586 1240 collem
609 1173 763 1240 subducit
785 1176 1040 1262 equitatumque,

65 1280 121 1364 qui
146 1279 320 1343 sustineret
335 1278 478 1342 hostium
500 1279 668 1363 impetum,
692 1278 791 1342 misit.
813 1277 890 1362 Ipse
912 1280 1064 1344 interime

65 1385 99 1444 in
129 1381 212 1447 colle
240 1381 349 1446 medio
372 1380 533 1466 triplicem
561 1381 664 1446 aciem
692 1382 849 1446 iustruxit
876 1381 1043 1466 legionum

65 1494 220 1570 quattuor
246 1495 489 1568 veteranarum,
524 1508 624 1571 supra
651 1507 710 1570 eas
741 1487 775 1549 in
809 1507 935 1551 summo
964 1489 1065 1569 iugou
1147 1507 1161 1526 ι·

63 1589 147 1652 duas
182 1588 344 1673 legiones,
379 1612 461 1675 quas
495 1590 529 1653 in
564 1587 675 1653 Gallia
708 1590 859 1654 citeriore
893 1591 1043 1676 proxime

63 1693 323 1778 conscripserat,
359 1701 391 1757 et
414 1694 524 1757 omnia
547 1694 673 1758 auxilia
695 1692 852 1757 collocari
875 1715 914 1757 ao
937 1702 1042 1759 totum

63 1804 208 1859 montem
230 1793 417 1859 hominibus
441 1795 599 1880 compleri
629 1804 662 1860 et
690 1797 815 1860 interea
839 1797 986 1862 sarcinas
1010 1799 1044 1861 in

63 1920 163 1962 unum
185 1896 295 1962 locum
318 1897 459 1963 conferri
488 1906 521 1962 et
550 1920 624 1962 eum
646 1896 690 1962 ab
718 1898 785 1981 his,
813 1900 925 1983 quiin
949 1922 1043 1985 supe·

64 2003 148 2066 riore
172 2001 243 2065 acie
266 2002 490 2083 constiterant,
514 2000 633 2065 muniri
656 2001 761 2065 iussit.
800 2000 944 2068 Helvetii
968 2022 1065 2067 cumr

65 2104 215 2169 omnibus
250 2105 316 2167 suis
351 2104 453 2169 carris
484 2107 586 2169 secuti
616 2104 851 2189 impedimenta
878 2106 911 2168 in
941 2127 1042 2170 uuum

62 2206 172 2270 locum
195 2207 418 2289 contulerunt3
446 2208 512 2291 ipsi
540 2209 782 2272 confertissima
816 2209 888 2273 acie
921 2209 1043 2273 reiecto

63 2318 178 2374 nostro
202 2312 348 2395 equitatu
364 2310 528 2396 phalange
550 2311 641 2376 facta
664 2309 725 2376 sub
741 2312 882 2395 primam
897 2320 1044 2377 nostram

63 2413 168 2477 aciem
193 2422 433 2478 successerunt.
940 2473 943 2478 .

149 2513 202 2577 25.
238 2513 362 2581 Caesar
393 2517 534 2602 primum
568 2538 643 2600 suo,
678 2516 803 2583 deinde,
826 2519 971 2582 omnium
1000 2540 1043 2583 ex

62 2627 242 2705 conspectu
262 2619 394 2684 remotis
418 2621 527 2705 equis,
557 2628 593 2683 ut
615 2628 758 2707 aequato
786 2621 929 2685 omnium
958 2622 1041 2705 peri·

62 2720 137 2786 culo
162 2745 253 2807 spem
276 2723 374 2806 fugae
396 2722 536 2802 tolleret,
565 2722 757 2788 cohortatus
780 2746 857 2789 suos
881 2723 1042 2809 proelium

62 2827 235 2890 commisit.
291 2826 413 2891 Milites
450 2849 468 2892 e
507 2825 582 2892 loco
621 2829 789 2912 superiore
824 2827 899 2912 pilis
932 2828 1064 2894 mississ

63 2928 161 2993 facile
184 2927 328 2993 hostium
350 2929 548 3014 phalangem
571 2930 807 3015 perfregerunt.
830 2931 882 2994 Ea
905 2930 1043 2995 disiecta

61 3031 183 3115 gladiis
207 3032 370 3097 destrictis
404 3034 518 3098 ineos
547 3034 703 3118 impetum
732 3034 890 3098 fecerunt.
936 3033 1064 3100 Gallise

60 3156 182 3218 magno
208 3135 250 3199 ad
266 3157 411 3220 pugnam
434 3145 505 3200 erat
526 3136 771 3221 impedimento,
789 3136 877 3220 quod
893 3134 1040 3221 pluribus

61 3260 174 3302 eorum
208 3239 308 3301 scutis
338 3240 500 3303 uno.iotu
523 3238 664 3324 pilorum
692 3238 861 3302 transfixis
890 3248 922 3303 et
952 3237 1042 3303 oolli-

61 3342 169 3425 gatis,
202 3362 277 3406 oum
306 3342 425 3405 ferrum
461 3365 495 3406 se
529 3342 725 3420 inflexisset,
765 3363 870 3426 neque
904 3340 1043 3407 evellere

61 3467 167 3529 neque
203 3444 336 3508 sinistra
373 3444 531 3529 impedita
570 3445 649 3509 satis
687 3443 859 3508 commode
896 3467 1043 3530 pugnare

63 3554 228 3631 poterant,
252 3546 344 3611 multi
368 3555 404 3611 ut
426 3546 483 3612 diu
504 3547 628 3612 iactato
651 3546 786 3612 brachio
810 3557 1065 3632 praeoptarenti

116 3662 201 3705 caesar.
216 3663 233 3705 1.
257 3664 277 3705 n.
294 3664 319 3704 e.
871 3670 887 3718 2
