2430 4028
401 277 510 326 nrnnn
528 279 559 339 v,
580 276 657 327 our.
676 277 786 327 44-48.
1025 279 1085 343 133

102 480 140 532 ut
164 471 196 531 in
220 467 435 533 Atrebatium·
449 469 530 534 fines
554 468 715 551 legionem
741 468 902 551 adducat,
934 492 999 555 qua
1022 470 1084 536 sibi

101 572 168 635 iter
196 570 382 637 faciendum
406 569 540 636 sciebat.
566 569 687 636 Scribit
709 571 876 654 Labieno,
906 574 934 637 si
956 573 1002 637 rei
1026 596 1110 659 pur

101 674 213 740 blicae
236 674 410 741 commodo
428 676 537 740 facere
554 683 677 761 posset,
701 697 776 740 cum
791 675 920 760 legione
937 677 980 741 ad
1003 677 1085 742 fines

103 779 300 843 Nerviorum
316 780 436 843 veniat.
471 778 644 864 Reliquam
659 788 788 863 partem
804 780 980 863 exercitus,
997 781 1086 867 quod

102 882 205 968 paulo
240 882 356 947 aberat
393 882 537 967 longius,
576 904 642 947 non
681 891 775 968 putat
810 883 1086 969 exspectandam

101 988 231 1072 equites
255 988 385 1051 circiter
408 986 665 1072 quadringentos
690 1009 733 1051 ex
756 987 916 1071 proximis
940 986 1087 1054 hibernis

107 1089 246 1174 colligit.

191 1193 243 1258 47.
278 1194 370 1259 Hora
400 1196 529 1259 circiter
559 1195 655 1259 tertia
684 1193 726 1257 ab
758 1194 1023 1260 antecursoribus
1047 1195 1088 1260 de

104 1295 222 1362 Crassi
245 1297 389 1362 adventu
413 1300 531 1362 certior
554 1296 662 1361 factus
686 1319 724 1360 eo
749 1295 801 1361 die
817 1297 907 1362 milia
930 1320 1087 1382 passuum

102 1418 155 1462 xx
180 1399 338 1485 procedit.
364 1398 522 1465 Crassum
539 1398 793 1465 Samarobrivae
817 1400 965 1484 praeficit
988 1401 1110 1487 legio-2

102 1525 246 1588 nemque
275 1503 442 1586 attribuit,
472 1503 559 1589 quod
582 1502 627 1567 ibi
650 1503 885 1588 impedimenta
912 1507 1086 1584 exercitus,

104 1605 240 1671 obsides
274 1607 459 1690 civitatum,
493 1606 618 1673 litteras
648 1605 799 1692 publicas
827 1609 1088 1695 frumentumque

104 1733 220 1785 omne,
245 1712 333 1799 quod
355 1734 393 1776 eo
418 1711 610 1776 tolerandae
633 1711 749 1776 hiemis
773 1734 874 1777 causa
898 1711 1088 1795 devexerat,

102 1814 320 1900 relinquebat.
365 1814 510 1897 Fabius,
545 1825 580 1881 ut
608 1818 802 1900 imperatum
832 1826 917 1897 erat,
947 1839 1012 1881 non
1042 1820 1111 1882 itae

105 1917 247 1984 multum
262 1928 409 1983 moratus
425 1922 459 1983 in
474 1920 588 1984 itinere
605 1941 678 1984 cum
702 1920 831 2003 legione
847 1922 1001 1984 occurrit.
1025 1921 1111 1984 Lat-4

104 2021 228 2087 bienus
251 2021 383 2087 interitu
407 2020 523 2087 Sabini
551 2033 584 2087 et
614 2023 715 2088 caede
738 2021 922 2088 cohortium
945 2027 1089 2107 cognita,

105 2146 183 2190 cum
216 2147 327 2191 omnes
357 2125 401 2190 ad
424 2148 497 2190 eum
520 2126 738 2191 Treverorum
769 2128 885 2210 copiae
912 2127 1088 2206 venissent,

107 2228 245 2306 veritus,
259 2251 310 2311 ne,
325 2230 352 2293 si
370 2252 412 2293 ex
428 2227 572 2294 hibernis
588 2228 686 2312 fugae
703 2228 841 2293 similem
853 2229 1090 2314 profectionem

107 2331 253 2414 fecisset,
269 2331 413 2397 hostium
429 2333 587 2417 impetum
604 2333 763 2396 sustinere
781 2355 846 2397 non
864 2342 984 2416 posset,
1001 2355 1091 2418 prae·

106 2436 221 2517 sertim
244 2456 326 2520 quos
359 2438 483 2500 recenti
510 2437 651 2501 victoria
680 2436 786 2500 efferri
816 2437 928 2516 sciret,
964 2436 1113 2502 littereas

107 2536 247 2604 Caesari
270 2540 424 2620 remittit,
448 2550 571 2625 quanto
596 2561 670 2604 cum
693 2538 839 2625 periculo
863 2538 1025 2622 legionem
1049 2564 1090 2605 ex

106 2641 255 2708 bibernis
279 2643 455 2708 educturus
472 2653 577 2724 esset3
601 2665 670 2707 rem
686 2651 814 2726 gestam
830 2644 863 2706 in
879 2640 1090 2709 Eburonibus

107 2746 300 2830 perscribit3
331 2746 427 2811 docet
451 2768 563 2811 omnes
592 2749 755 2832 equitatus
784 2746 1014 2833 peditatusque
1037 2769 1090 2812 co·

107 2850 182 2934 pias
206 2850 424 2915 Treverorum
447 2850 510 2914 tria
533 2849 624 2916 milia
651 2873 808 2936 passuum
835 2851 933 2936 longe
957 2849 999 2915 ab
1023 2853 1090 2915 suis

110 2955 232 3019 castris
255 2953 457 3019 consedisse.

193 3055 247 3120 48.
277 3054 402 3123 Caesar
424 3055 561 3122 consilio
586 3059 654 3124 eius
678 3057 829 3142 probato,
854 3059 915 3122 etsi
940 3057 1091 3143 opinione

105 3161 205 3225 trium
234 3158 400 3244 legionum
429 3160 576 3225 deiectus
607 3162 650 3225 ad
679 3160 761 3227 duas
789 3160 946 3243 redierat,
981 3169 1091 3226 tamen

106 3285 209 3329 unum
232 3264 414 3328 communis
432 3261 547 3328 salutis
572 3263 731 3329 auxilium
754 3267 787 3330 in
810 3263 976 3329 celeritate
992 3287 1090 3349 pone·

107 3366 175 3432 bat.
221 3367 323 3432 Venit
349 3368 478 3450 magnis
508 3365 680 3432 itineribus
710 3369 744 3431 in
768 3367 962 3432 Nerviorum
996 3369 1113 3432 finesa

108 3469 157 3535 Ibi
183 3491 226 3535 ex
250 3471 391 3557 captivis
415 3472 594 3553 cognoscit,
613 3493 697 3554 quae
718 3471 808 3556 apud
824 3468 1016 3537 Ciceronem
1038 3493 1092 3555 ge·

106 3582 232 3658 rantur,
263 3583 452 3660 quantoque
474 3572 507 3637 in
532 3573 676 3659 periculo
700 3597 752 3639 res
776 3577 826 3639 sit.
855 3572 939 3639 Tum
961 3574 1112 3640 cuidame
