<?xml version="1.0" encoding="UTF-8"?>
<!DOCTYPE html PUBLIC "-//W3C//DTD XHTML 1.0 Transitional//EN"
    "http://www.w3.org/TR/xhtml1/DTD/xhtml1-transitional.dtd">
<html xmlns="http://www.w3.org/1999/xhtml" xml:lang="en" lang="en">
 <head>
  <title>
</title>
<meta http-equiv="Content-Type" content="text/html;charset=utf-8" />
  <meta name='ocr-system' content='tesseract 3.04.00' />
  <meta name='ocr-capabilities' content='ocr_page ocr_carea ocr_par ocr_line ocrx_word'/>
</head>
<body>
  <div class='ocr_page' id='page_1' title='image "./ciuliicaesarisc01hoffgoog_0267.png"; bbox 0 0 2430 4028; ppageno 0'>
   <div class='ocr_carea' id='block_1_1' title="bbox 121 249 792 324">
    <p class='ocr_par' dir='ltr' id='par_1_1' title="bbox 121 249 792 324">
     <span class='ocr_line' id='line_1_1' title="bbox 121 249 792 324; baseline -0.025 -8"><span class='ocrx_word' id='word_1_1' title='bbox 121 261 184 324; x_wconf 76' lang='grc'>258</span> <span class='ocrx_word' id='word_1_2' title='bbox 423 254 473 303; x_wconf 85' lang='lat' dir='ltr'>DE</span> <span class='ocrx_word' id='word_1_3' title='bbox 491 251 613 302; x_wconf 84' lang='lat' dir='ltr'><strong>BELLO</strong></span> <span class='ocrx_word' id='word_1_4' title='bbox 633 249 792 302; x_wconf 84' lang='lat' dir='ltr'><strong>GALLICO</strong></span> 
     </span>
    </p>
   </div>
   <div class='ocr_carea' id='block_1_2' title="bbox 100 440 1108 3628">
    <p class='ocr_par' dir='ltr' id='par_1_2' title="bbox 100 440 1108 2289">
     <span class='ocr_line' id='line_1_2' title="bbox 100 440 1106 537; baseline -0.01 -22"><span class='ocrx_word' id='word_1_5' title='bbox 100 454 192 537; x_wconf 74' lang='lat' dir='ltr'>sipse</span> <span class='ocrx_word' id='word_1_6' title='bbox 207 452 351 535; x_wconf 90' lang='lat' dir='ltr'>equitum</span> <span class='ocrx_word' id='word_1_7' title='bbox 367 445 531 532; x_wconf 89' lang='lat' dir='ltr'>praesidio</span> <span class='ocrx_word' id='word_1_8' title='bbox 548 443 736 509; x_wconf 83' lang='lat' dir='ltr'>Narbonem</span> <span class='ocrx_word' id='word_1_9' title='bbox 752 440 919 526; x_wconf 90' lang='lat' dir='ltr'>profectus</span> <span class='ocrx_word' id='word_1_10' title='bbox 934 448 994 521; x_wconf 90' lang='lat' dir='ltr'>est,</span> <span class='ocrx_word' id='word_1_11' title='bbox 1011 463 1106 505; x_wconf 84' lang='lat' dir='ltr'>exer-</span> 
     </span>
     <span class='ocr_line' id='line_1_3' title="bbox 121 543 1107 638; baseline -0.012 -20"><span class='ocrx_word' id='word_1_12' title='bbox 121 557 222 618; x_wconf 92' lang='lat' dir='ltr'>citum</span> <span class='ocrx_word' id='word_1_13' title='bbox 257 574 315 638; x_wconf 90' lang='lat' dir='ltr'>per</span> <span class='ocrx_word' id='word_1_14' title='bbox 348 550 474 634; x_wconf 87' lang='lat' dir='ltr'>legatos</span> <span class='ocrx_word' id='word_1_15' title='bbox 508 548 541 611; x_wconf 91' lang='lat' dir='ltr'>in</span> <span class='ocrx_word' id='word_1_16' title='bbox 574 545 715 611; x_wconf 88' lang='lat' dir='ltr'>hiberna</span> <span class='ocrx_word' id='word_1_17' title='bbox 747 543 906 610; x_wconf 85' lang='lat' dir='ltr'>deduxit:</span> <span class='ocrx_word' id='word_1_18' title='bbox 946 551 1107 628; x_wconf 88' lang='lat' dir='ltr'>quattuor</span> 
     </span>
     <span class='ocr_line' id='line_1_4' title="bbox 120 646 1107 740; baseline -0.011 -19"><span class='ocrx_word' id='word_1_19' title='bbox 120 657 266 740; x_wconf 83' lang='lat' dir='ltr'>legiones</span> <span class='ocrx_word' id='word_1_20' title='bbox 299 657 333 719; x_wconf 95' lang='lat' dir='ltr'>in</span> <span class='ocrx_word' id='word_1_21' title='bbox 356 652 469 736; x_wconf 86' lang='lat' dir='ltr'>Belgio</span> <span class='ocrx_word' id='word_1_22' title='bbox 504 649 683 715; x_wconf 88' lang='lat' dir='ltr'>collocavit</span> <span class='ocrx_word' id='word_1_23' title='bbox 715 671 790 713; x_wconf 92' lang='lat' dir='ltr'>cum</span> <span class='ocrx_word' id='word_1_24' title='bbox 819 651 864 716; x_wconf 88' lang='lat' dir='ltr'>M.</span> <span class='ocrx_word' id='word_1_25' title='bbox 887 646 1035 713; x_wconf 90' lang='lat' dir='ltr'>Antonio</span> <span class='ocrx_word' id='word_1_26' title='bbox 1074 656 1107 712; x_wconf 89' lang='lat' dir='ltr'>et</span> 
     </span>
     <span class='ocr_line' id='line_1_5' title="bbox 121 753 1106 838; baseline -0.009 -12"><span class='ocrx_word' id='word_1_27' title='bbox 121 761 157 826; x_wconf 78' lang='lat' dir='ltr'>O.</span> <span class='ocrx_word' id='word_1_28' title='bbox 180 759 343 824; x_wconf 87' lang='lat' dir='ltr'>Trebonio</span> <span class='ocrx_word' id='word_1_29' title='bbox 368 766 400 821; x_wconf 90' lang='lat' dir='ltr'>et</span> <span class='ocrx_word' id='word_1_30' title='bbox 422 756 458 820; x_wconf 91' lang='lat' dir='ltr'>P.</span> <span class='ocrx_word' id='word_1_31' title='bbox 481 755 615 820; x_wconf 88' lang='lat' dir='ltr'>Vatinio</span> <span class='ocrx_word' id='word_1_32' title='bbox 638 754 768 838; x_wconf 88' lang='lat' dir='ltr'>legatis,</span> <span class='ocrx_word' id='word_1_33' title='bbox 793 754 876 820; x_wconf 90' lang='lat' dir='ltr'>duas</span> <span class='ocrx_word' id='word_1_34' title='bbox 898 753 1047 837; x_wconf 90' lang='lat' dir='ltr'>legiones</span> <span class='ocrx_word' id='word_1_35' title='bbox 1072 755 1106 818; x_wconf 95' lang='lat' dir='ltr'>in</span> 
     </span>
     <span class='ocr_line' id='line_1_6' title="bbox 120 856 1107 944; baseline -0.004 -16"><span class='ocrx_word' id='word_1_36' title='bbox 120 863 255 928; x_wconf 89' lang='lat' dir='ltr'>Aeduos</span> <span class='ocrx_word' id='word_1_37' title='bbox 285 859 435 936; x_wconf 86' lang='lat' dir='ltr'>deduxit,</span> <span class='ocrx_word' id='word_1_38' title='bbox 471 880 609 944; x_wconf 91' lang='lat' dir='ltr'>quorum</span> <span class='ocrx_word' id='word_1_39' title='bbox 636 860 670 922; x_wconf 95' lang='lat' dir='ltr'>in</span> <span class='ocrx_word' id='word_1_40' title='bbox 693 860 781 922; x_wconf 92' lang='lat' dir='ltr'>omni</span> <span class='ocrx_word' id='word_1_41' title='bbox 805 856 917 922; x_wconf 84' lang='lat' dir='ltr'>Gallia</span> <span class='ocrx_word' id='word_1_42' title='bbox 940 880 1107 925; x_wconf 88' lang='lat' dir='ltr'>summam</span> 
     </span>
     <span class='ocr_line' id='line_1_7' title="bbox 122 960 1105 1044; baseline -0.004 -13"><span class='ocrx_word' id='word_1_43' title='bbox 122 988 193 1032; x_wconf 87' lang='lat' dir='ltr'>esse</span> <span class='ocrx_word' id='word_1_44' title='bbox 215 967 442 1030; x_wconf 89' lang='lat' dir='ltr'>auctoritatem</span> <span class='ocrx_word' id='word_1_45' title='bbox 465 961 600 1044; x_wconf 85' lang='lat' dir='ltr'>sciebat,</span> <span class='ocrx_word' id='word_1_46' title='bbox 625 962 708 1027; x_wconf 90' lang='lat' dir='ltr'>duas</span> <span class='ocrx_word' id='word_1_47' title='bbox 731 961 764 1025; x_wconf 93' lang='lat' dir='ltr'>in</span> <span class='ocrx_word' id='word_1_48' title='bbox 787 961 929 1026; x_wconf 82' lang='lat' dir='ltr'>Turonis</span> <span class='ocrx_word' id='word_1_49' title='bbox 952 960 1105 1028; x_wconf 87' lang='lat' dir='ltr'>adfines</span> 
     </span>
     <span class='ocr_line' id='line_1_8' title="bbox 122 1063 1106 1151; baseline -0.005 -16"><span class='ocrx_word' id='word_1_50' title='bbox 122 1069 303 1135; x_wconf 79' lang='lat' dir='ltr'>Carnutum</span> <span class='ocrx_word' id='word_1_51' title='bbox 325 1068 443 1151; x_wconf 84' lang='lat' dir='ltr'>posuit,</span> <span class='ocrx_word' id='word_1_52' title='bbox 468 1087 552 1151; x_wconf 87' lang='lat' dir='ltr'>quae</span> <span class='ocrx_word' id='word_1_53' title='bbox 577 1086 706 1129; x_wconf 92' lang='lat' dir='ltr'>omnem</span> <span class='ocrx_word' id='word_1_54' title='bbox 728 1063 819 1130; x_wconf 87' lang='lat' dir='ltr'>illam</span> <span class='ocrx_word' id='word_1_55' title='bbox 840 1066 1010 1148; x_wconf 87' lang='lat' dir='ltr'>regionem</span> <span class='ocrx_word' id='word_1_56' title='bbox 1025 1087 1106 1131; x_wconf 91' lang='lat' dir='ltr'>con-</span> 
     </span>
     <span class='ocr_line' id='line_1_9' title="bbox 122 1166 1105 1253; baseline -0.004 -16"><span class='ocrx_word' id='word_1_57' title='bbox 122 1176 267 1237; x_wconf 92' lang='lat' dir='ltr'>iunctam</span> <span class='ocrx_word' id='word_1_58' title='bbox 292 1169 425 1235; x_wconf 85' lang='lat' dir='ltr'>Oceano</span> <span class='ocrx_word' id='word_1_59' title='bbox 450 1169 670 1250; x_wconf 86' lang='lat' dir='ltr'>continerent,</span> <span class='ocrx_word' id='word_1_60' title='bbox 706 1169 790 1234; x_wconf 92' lang='lat' dir='ltr'>duas</span> <span class='ocrx_word' id='word_1_61' title='bbox 813 1166 958 1253; x_wconf 91' lang='lat' dir='ltr'>reliquas</span> <span class='ocrx_word' id='word_1_62' title='bbox 980 1170 1016 1232; x_wconf 92' lang='lat' dir='ltr'>in</span> <span class='ocrx_word' id='word_1_63' title='bbox 1039 1169 1105 1234; x_wconf 91' lang='lat' dir='ltr'>Le·</span> 
     </span>
     <span class='ocr_line' id='line_1_10' title="bbox 122 1270 1105 1358; baseline -0.003 -19"><span class='ocrx_word' id='word_1_64' title='bbox 122 1276 284 1339; x_wconf 88' lang='lat' dir='ltr'>movicum</span> <span class='ocrx_word' id='word_1_65' title='bbox 316 1271 436 1336; x_wconf 90' lang='lat' dir='ltr'>finibus</span> <span class='ocrx_word' id='word_1_66' title='bbox 470 1292 536 1335; x_wconf 93' lang='lat' dir='ltr'>non</span> <span class='ocrx_word' id='word_1_67' title='bbox 566 1270 664 1355; x_wconf 91' lang='lat' dir='ltr'>longe</span> <span class='ocrx_word' id='word_1_68' title='bbox 693 1270 736 1334; x_wconf 88' lang='lat' dir='ltr'>ab</span> <span class='ocrx_word' id='word_1_69' title='bbox 759 1270 936 1351; x_wconf 86' lang='lat' dir='ltr'>Arvernis,</span> <span class='ocrx_word' id='word_1_70' title='bbox 965 1294 1008 1336; x_wconf 93' lang='lat' dir='ltr'>ne</span> <span class='ocrx_word' id='word_1_71' title='bbox 1037 1292 1105 1358; x_wconf 86' lang='lat' dir='ltr'>qna</span> 
     </span>
     <span class='ocr_line' id='line_1_11' title="bbox 101 1371 1105 1464; baseline -0.001 -22"><span class='ocrx_word' id='word_1_72' title='bbox 101 1400 200 1464; x_wconf 78' lang='lat' dir='ltr'>spars</span> <span class='ocrx_word' id='word_1_73' title='bbox 225 1374 354 1441; x_wconf 85' lang='lat' dir='ltr'>Galliae</span> <span class='ocrx_word' id='word_1_74' title='bbox 376 1396 483 1438; x_wconf 90' lang='lat' dir='ltr'>vacua</span> <span class='ocrx_word' id='word_1_75' title='bbox 505 1371 548 1438; x_wconf 91' lang='lat' dir='ltr'>ab</span> <span class='ocrx_word' id='word_1_76' title='bbox 572 1376 721 1439; x_wconf 83' lang='lat' dir='ltr'>exercitu</span> <span class='ocrx_word' id='word_1_77' title='bbox 743 1382 840 1439; x_wconf 87' lang='lat' dir='ltr'>esset.</span> <span class='ocrx_word' id='word_1_78' title='bbox 874 1374 1008 1440; x_wconf 90' lang='lat' dir='ltr'>Paucos</span> <span class='ocrx_word' id='word_1_79' title='bbox 1032 1376 1105 1443; x_wconf 89' lang='lat' dir='ltr'>dies</span> 
     </span>
     <span class='ocr_line' id='line_1_12' title="bbox 122 1477 1106 1567; baseline 0 -21"><span class='ocrx_word' id='word_1_80' title='bbox 122 1485 193 1567; x_wconf 90' lang='lat' dir='ltr'>ipse</span> <span class='ocrx_word' id='word_1_81' title='bbox 216 1483 250 1545; x_wconf 93' lang='lat' dir='ltr'>in</span> <span class='ocrx_word' id='word_1_82' title='bbox 265 1480 436 1564; x_wconf 88' lang='lat' dir='ltr'>provincia</span> <span class='ocrx_word' id='word_1_83' title='bbox 451 1486 608 1554; x_wconf 88' lang='lat' dir='ltr'>moratus,</span> <span class='ocrx_word' id='word_1_84' title='bbox 633 1499 707 1542; x_wconf 95' lang='lat' dir='ltr'>cum</span> <span class='ocrx_word' id='word_1_85' title='bbox 729 1477 879 1543; x_wconf 86' lang='lat' dir='ltr'>celeriter</span> <span class='ocrx_word' id='word_1_86' title='bbox 897 1500 1011 1544; x_wconf 87' lang='lat' dir='ltr'>omnes</span> <span class='ocrx_word' id='word_1_87' title='bbox 1026 1501 1106 1546; x_wconf 92' lang='lat' dir='ltr'>con·</span> 
     </span>
     <span class='ocr_line' id='line_1_13' title="bbox 121 1579 1105 1667; baseline 0.002 -20"><span class='ocrx_word' id='word_1_88' title='bbox 121 1595 236 1649; x_wconf 86' lang='lat' dir='ltr'>ventus</span> <span class='ocrx_word' id='word_1_89' title='bbox 269 1583 547 1667; x_wconf 89' lang='lat' dir='ltr'>percucurrisset,</span> <span class='ocrx_word' id='word_1_90' title='bbox 585 1579 738 1666; x_wconf 89' lang='lat' dir='ltr'>publicas</span> <span class='ocrx_word' id='word_1_91' title='bbox 773 1583 1015 1649; x_wconf 88' lang='lat' dir='ltr'>controversias</span> <span class='ocrx_word' id='word_1_92' title='bbox 1051 1604 1105 1649; x_wconf 92' lang='lat' dir='ltr'>co·</span> 
     </span>
     <span class='ocr_line' id='line_1_14' title="bbox 101 1683 1107 1772; baseline 0 -20"><span class='ocrx_word' id='word_1_93' title='bbox 101 1695 268 1772; x_wconf 80' lang='lat' dir='ltr'>agnosset,</span> <span class='ocrx_word' id='word_1_94' title='bbox 285 1684 369 1749; x_wconf 91' lang='lat' dir='ltr'>bene</span> <span class='ocrx_word' id='word_1_95' title='bbox 384 1685 507 1748; x_wconf 90' lang='lat' dir='ltr'>meritis</span> <span class='ocrx_word' id='word_1_96' title='bbox 523 1685 670 1769; x_wconf 89' lang='lat' dir='ltr'>praemia</span> <span class='ocrx_word' id='word_1_97' title='bbox 684 1683 855 1750; x_wconf 88' lang='lat' dir='ltr'>tribuisset</span> <span class='ocrx_word' id='word_1_98' title='bbox 868 1683 1107 1767; x_wconf 86' lang='lat' dir='ltr'>(cognoscendi</span> 
     </span>
     <span class='ocr_line' id='line_1_15' title="bbox 123 1786 1106 1878; baseline 0.002 -24"><span class='ocrx_word' id='word_1_99' title='bbox 123 1791 209 1855; x_wconf 92' lang='lat' dir='ltr'>enim</span> <span class='ocrx_word' id='word_1_100' title='bbox 232 1788 411 1854; x_wconf 82' lang='lat' dir='ltr'>maximam</span> <span class='ocrx_word' id='word_1_101' title='bbox 433 1787 625 1852; x_wconf 85' lang='lat' dir='ltr'>facultatem</span> <span class='ocrx_word' id='word_1_102' title='bbox 654 1786 816 1866; x_wconf 88' lang='lat' dir='ltr'>habebat,</span> <span class='ocrx_word' id='word_1_103' title='bbox 845 1788 942 1875; x_wconf 90' lang='lat' dir='ltr'>quale</span> <span class='ocrx_word' id='word_1_104' title='bbox 965 1792 1106 1878; x_wconf 90' lang='lat' dir='ltr'>quisque</span> 
     </span>
     <span class='ocr_line' id='line_1_16' title="bbox 122 1889 1108 1980; baseline 0.002 -22"><span class='ocrx_word' id='word_1_105' title='bbox 122 1895 239 1958; x_wconf 87' lang='lat' dir='ltr'>fuisset</span> <span class='ocrx_word' id='word_1_106' title='bbox 267 1892 377 1956; x_wconf 87' lang='lat' dir='ltr'>animo</span> <span class='ocrx_word' id='word_1_107' title='bbox 411 1892 445 1954; x_wconf 93' lang='lat' dir='ltr'>in</span> <span class='ocrx_word' id='word_1_108' title='bbox 477 1893 578 1955; x_wconf 89' lang='lat' dir='ltr'>totius</span> <span class='ocrx_word' id='word_1_109' title='bbox 608 1889 738 1955; x_wconf 79' lang='lat' dir='ltr'>Galliae</span> <span class='ocrx_word' id='word_1_110' title='bbox 768 1891 968 1975; x_wconf 87' lang='lat' dir='ltr'>defectione,</span> <span class='ocrx_word' id='word_1_111' title='bbox 1005 1916 1108 1980; x_wconf 90' lang='lat' dir='ltr'>quam</span> 
     </span>
     <span class='ocr_line' id='line_1_17' title="bbox 124 1991 1105 2081; baseline 0.001 -19"><span class='ocrx_word' id='word_1_112' title='bbox 124 1999 324 2062; x_wconf 87' lang='lat' dir='ltr'>sustinuerat</span> <span class='ocrx_word' id='word_1_113' title='bbox 337 1991 496 2058; x_wconf 89' lang='lat' dir='ltr'>fidelitate</span> <span class='ocrx_word' id='word_1_114' title='bbox 512 2002 609 2078; x_wconf 88' lang='lat' dir='ltr'>atque</span> <span class='ocrx_word' id='word_1_115' title='bbox 633 1993 767 2059; x_wconf 87' lang='lat' dir='ltr'>auxiliis</span> <span class='ocrx_word' id='word_1_116' title='bbox 782 1997 973 2081; x_wconf 84' lang='lat' dir='ltr'>provinciae</span> <span class='ocrx_word' id='word_1_117' title='bbox 987 1996 1105 2081; x_wconf 88' lang='lat' dir='ltr'>illius),</span> 
     </span>
     <span class='ocr_line' id='line_1_18' title="bbox 122 2095 1107 2183; baseline 0.003 -19"><span class='ocrx_word' id='word_1_118' title='bbox 122 2099 173 2164; x_wconf 91' lang='lat' dir='ltr'>his</span> <span class='ocrx_word' id='word_1_119' title='bbox 197 2097 354 2163; x_wconf 89' lang='lat' dir='ltr'>confectis</span> <span class='ocrx_word' id='word_1_120' title='bbox 382 2095 480 2160; x_wconf 90' lang='lat' dir='ltr'>rebus</span> <span class='ocrx_word' id='word_1_121' title='bbox 510 2095 553 2159; x_wconf 91' lang='lat' dir='ltr'>ad</span> <span class='ocrx_word' id='word_1_122' title='bbox 575 2095 722 2180; x_wconf 88' lang='lat' dir='ltr'>legiones</span> <span class='ocrx_word' id='word_1_123' title='bbox 751 2099 785 2162; x_wconf 92' lang='lat' dir='ltr'>in</span> <span class='ocrx_word' id='word_1_124' title='bbox 807 2097 959 2183; x_wconf 90' lang='lat' dir='ltr'>Belgium</span> <span class='ocrx_word' id='word_1_125' title='bbox 989 2122 1025 2166; x_wconf 91' lang='lat' dir='ltr'>se</span> <span class='ocrx_word' id='word_1_126' title='bbox 1057 2125 1107 2167; x_wconf 89' lang='lat' dir='ltr'>re·</span> 
     </span>
     <span class='ocr_line' id='line_1_19' title="bbox 123 2199 736 2289; baseline -0.002 -22"><span class='ocrx_word' id='word_1_127' title='bbox 123 2204 203 2289; x_wconf 89' lang='lat' dir='ltr'>cipit</span> <span class='ocrx_word' id='word_1_128' title='bbox 224 2200 438 2284; x_wconf 87' lang='lat' dir='ltr'>hibernatque</span> <span class='ocrx_word' id='word_1_129' title='bbox 460 2199 736 2266; x_wconf 87' lang='lat' dir='ltr'>Nemetocennae.</span> 
     </span>
    </p>

    <p class='ocr_par' dir='ltr' id='par_1_3' title="bbox 103 2300 1108 3418">
     <span class='ocr_line' id='line_1_20' title="bbox 209 2300 1105 2392; baseline 0.008 -25"><span class='ocrx_word' id='word_1_130' title='bbox 209 2305 261 2367; x_wconf 76' lang='lat'>47.</span> <span class='ocrx_word' id='word_1_131' title='bbox 284 2302 335 2368; x_wconf 94' lang='lat' dir='ltr'>Ibi</span> <span class='ocrx_word' id='word_1_132' title='bbox 358 2303 530 2386; x_wconf 91' lang='lat' dir='ltr'>cognoscit</span> <span class='ocrx_word' id='word_1_133' title='bbox 553 2300 736 2368; x_wconf 81' lang='lat' dir='ltr'>Commium</span> <span class='ocrx_word' id='word_1_134' title='bbox 760 2303 955 2372; x_wconf 86' lang='lat' dir='ltr'>Atrebatem</span> <span class='ocrx_word' id='word_1_135' title='bbox 976 2307 1105 2392; x_wconf 90' lang='lat' dir='ltr'>proelio</span> 
     </span>
     <span class='ocr_line' id='line_1_21' title="bbox 103 2406 1107 2492; baseline 0.01 -23"><span class='ocrx_word' id='word_1_136' title='bbox 103 2430 200 2472; x_wconf 82' lang='lat' dir='ltr'>scum</span> <span class='ocrx_word' id='word_1_137' title='bbox 223 2409 370 2492; x_wconf 90' lang='lat' dir='ltr'>equitatu</span> <span class='ocrx_word' id='word_1_138' title='bbox 393 2429 451 2470; x_wconf 93' lang='lat' dir='ltr'>suo</span> <span class='ocrx_word' id='word_1_139' title='bbox 476 2406 696 2472; x_wconf 85' lang='lat' dir='ltr'>contendisse.</span> <span class='ocrx_word' id='word_1_140' title='bbox 735 2408 918 2474; x_wconf 80' lang='lat' dir='ltr'>Nemeum</span> <span class='ocrx_word' id='word_1_141' title='bbox 943 2410 1107 2479; x_wconf 83' lang='lat' dir='ltr'>Antonius</span> 
     </span>
     <span class='ocr_line' id='line_1_22' title="bbox 125 2509 1105 2595; baseline 0.008 -21"><span class='ocrx_word' id='word_1_142' title='bbox 125 2514 159 2575; x_wconf 91' lang='lat' dir='ltr'>in</span> <span class='ocrx_word' id='word_1_143' title='bbox 181 2509 318 2574; x_wconf 85' lang='lat' dir='ltr'>hiberna</span> <span class='ocrx_word' id='word_1_144' title='bbox 340 2511 494 2591; x_wconf 91' lang='lat' dir='ltr'>venisset,</span> <span class='ocrx_word' id='word_1_145' title='bbox 518 2511 699 2595; x_wconf 84' lang='lat' dir='ltr'>civitasque</span> <span class='ocrx_word' id='word_1_146' title='bbox 714 2510 914 2577; x_wconf 88' lang='lat' dir='ltr'>Atrebatum</span> <span class='ocrx_word' id='word_1_147' title='bbox 934 2514 969 2578; x_wconf 92' lang='lat' dir='ltr'>in</span> <span class='ocrx_word' id='word_1_148' title='bbox 992 2514 1105 2583; x_wconf 90' lang='lat' dir='ltr'>officio</span> 
     </span>
     <span class='ocr_line' id='line_1_23' title="bbox 125 2610 1103 2703; baseline 0.005 -25"><span class='ocrx_word' id='word_1_149' title='bbox 125 2623 221 2694; x_wconf 90' lang='lat' dir='ltr'>esset,</span> <span class='ocrx_word' id='word_1_150' title='bbox 238 2610 414 2693; x_wconf 82' lang='lat' dir='ltr'>Commius,</span> <span class='ocrx_word' id='word_1_151' title='bbox 438 2615 493 2697; x_wconf 92' lang='lat' dir='ltr'>qui</span> <span class='ocrx_word' id='word_1_152' title='bbox 509 2621 586 2698; x_wconf 88' lang='lat' dir='ltr'>post</span> <span class='ocrx_word' id='word_1_153' title='bbox 607 2611 698 2677; x_wconf 89' lang='lat' dir='ltr'>illam</span> <span class='ocrx_word' id='word_1_154' title='bbox 713 2613 986 2700; x_wconf 88' lang='lat' dir='ltr'>vulnerationem,</span> <span class='ocrx_word' id='word_1_155' title='bbox 1003 2638 1103 2703; x_wconf 87' lang='lat' dir='ltr'>quam</span> 
     </span>
     <span class='ocr_line' id='line_1_24' title="bbox 124 2714 1108 2807; baseline 0.004 -25"><span class='ocrx_word' id='word_1_156' title='bbox 124 2739 225 2803; x_wconf 88' lang='lat' dir='ltr'>supra</span> <span class='ocrx_word' id='word_1_157' title='bbox 248 2718 510 2798; x_wconf 90' lang='lat' dir='ltr'>commemoravi,</span> <span class='ocrx_word' id='word_1_158' title='bbox 531 2737 659 2802; x_wconf 87' lang='lat' dir='ltr'>semper</span> <span class='ocrx_word' id='word_1_159' title='bbox 680 2714 724 2780; x_wconf 91' lang='lat' dir='ltr'>ad</span> <span class='ocrx_word' id='word_1_160' title='bbox 747 2739 859 2783; x_wconf 88' lang='lat' dir='ltr'>omnes</span> <span class='ocrx_word' id='word_1_161' title='bbox 873 2730 985 2784; x_wconf 90' lang='lat' dir='ltr'>motus</span> <span class='ocrx_word' id='word_1_162' title='bbox 1007 2742 1108 2807; x_wconf 89' lang='lat' dir='ltr'>para·</span> 
     </span>
     <span class='ocr_line' id='line_1_25' title="bbox 124 2817 1108 2899; baseline 0.006 -15"><span class='ocrx_word' id='word_1_163' title='bbox 124 2830 176 2884; x_wconf 90' lang='lat' dir='ltr'>tus</span> <span class='ocrx_word' id='word_1_164' title='bbox 204 2821 272 2885; x_wconf 90' lang='lat' dir='ltr'>suis</span> <span class='ocrx_word' id='word_1_165' title='bbox 301 2817 428 2882; x_wconf 91' lang='lat' dir='ltr'>civibus</span> <span class='ocrx_word' id='word_1_166' title='bbox 456 2840 530 2883; x_wconf 91' lang='lat' dir='ltr'>esse</span> <span class='ocrx_word' id='word_1_167' title='bbox 554 2828 760 2899; x_wconf 86' lang='lat' dir='ltr'>consuesset,</span> <span class='ocrx_word' id='word_1_168' title='bbox 793 2843 834 2885; x_wconf 90' lang='lat' dir='ltr'>ne</span> <span class='ocrx_word' id='word_1_169' title='bbox 863 2822 1004 2887; x_wconf 87' lang='lat' dir='ltr'>consilia</span> <span class='ocrx_word' id='word_1_170' title='bbox 1026 2824 1108 2890; x_wconf 91' lang='lat' dir='ltr'>belli</span> 
     </span>
     <span class='ocr_line' id='line_1_26' title="bbox 126 2921 1107 3013; baseline 0.006 -26"><span class='ocrx_word' id='word_1_171' title='bbox 126 2921 358 3009; x_wconf 85' lang='lat' dir='ltr'>quaerentibus</span> <span class='ocrx_word' id='word_1_172' title='bbox 386 2931 503 2987; x_wconf 90' lang='lat' dir='ltr'>auctor</span> <span class='ocrx_word' id='word_1_173' title='bbox 524 2944 688 2987; x_wconf 88' lang='lat' dir='ltr'>armorum</span> <span class='ocrx_word' id='word_1_174' title='bbox 717 2923 849 3009; x_wconf 86' lang='lat' dir='ltr'>duxque</span> <span class='ocrx_word' id='word_1_175' title='bbox 872 2925 1018 3009; x_wconf 85' lang='lat' dir='ltr'>deesset,</span> <span class='ocrx_word' id='word_1_176' title='bbox 1047 2949 1107 3013; x_wconf 91' lang='lat' dir='ltr'>pa-</span> 
     </span>
     <span class='ocr_line' id='line_1_27' title="bbox 124 3025 1107 3114; baseline 0.007 -24"><span class='ocrx_word' id='word_1_177' title='bbox 124 3035 216 3090; x_wconf 90' lang='lat' dir='ltr'>rente</span> <span class='ocrx_word' id='word_1_178' title='bbox 244 3025 401 3090; x_wconf 89' lang='lat' dir='ltr'>Romanis</span> <span class='ocrx_word' id='word_1_179' title='bbox 435 3028 568 3090; x_wconf 89' lang='lat' dir='ltr'>civitate</span> <span class='ocrx_word' id='word_1_180' title='bbox 602 3048 675 3092; x_wconf 90' lang='lat' dir='ltr'>cum</span> <span class='ocrx_word' id='word_1_181' title='bbox 710 3029 777 3093; x_wconf 89' lang='lat' dir='ltr'>suis</span> <span class='ocrx_word' id='word_1_182' title='bbox 813 3028 977 3114; x_wconf 91' lang='lat' dir='ltr'>equitibus</span> <span class='ocrx_word' id='word_1_183' title='bbox 1005 3030 1107 3097; x_wconf 89' lang='lat' dir='ltr'>latro-</span> 
     </span>
     <span class='ocr_line' id='line_1_28' title="bbox 126 3129 1107 3217; baseline 0.009 -26"><span class='ocrx_word' id='word_1_184' title='bbox 126 3130 220 3193; x_wconf 90' lang='lat' dir='ltr'>ciniis</span> <span class='ocrx_word' id='word_1_185' title='bbox 243 3151 279 3192; x_wconf 93' lang='lat' dir='ltr'>se</span> <span class='ocrx_word' id='word_1_186' title='bbox 302 3131 444 3214; x_wconf 90' lang='lat' dir='ltr'>suosque</span> <span class='ocrx_word' id='word_1_187' title='bbox 467 3129 578 3194; x_wconf 87' lang='lat' dir='ltr'>alebat</span> <span class='ocrx_word' id='word_1_188' title='bbox 606 3130 798 3217; x_wconf 87' lang='lat' dir='ltr'>infestisque</span> <span class='ocrx_word' id='word_1_189' title='bbox 821 3131 994 3198; x_wconf 88' lang='lat' dir='ltr'>itineribus</span> <span class='ocrx_word' id='word_1_190' title='bbox 1017 3155 1107 3200; x_wconf 92' lang='lat' dir='ltr'>com·</span> 
     </span>
     <span class='ocr_line' id='line_1_29' title="bbox 125 3231 1107 3318; baseline 0.008 -23"><span class='ocrx_word' id='word_1_191' title='bbox 125 3240 253 3296; x_wconf 83' lang='lat' dir='ltr'>meatus</span> <span class='ocrx_word' id='word_1_192' title='bbox 277 3231 477 3317; x_wconf 90' lang='lat' dir='ltr'>complures,</span> <span class='ocrx_word' id='word_1_193' title='bbox 513 3233 568 3317; x_wconf 91' lang='lat' dir='ltr'>qui</span> <span class='ocrx_word' id='word_1_194' title='bbox 591 3232 883 3318; x_wconf 85' lang='lat' dir='ltr'>comportabantur</span> <span class='ocrx_word' id='word_1_195' title='bbox 909 3236 943 3299; x_wconf 93' lang='lat' dir='ltr'>in</span> <span class='ocrx_word' id='word_1_196' title='bbox 965 3233 1107 3303; x_wconf 87' lang='lat' dir='ltr'>hiberna</span> 
     </span>
     <span class='ocr_line' id='line_1_30' title="bbox 126 3334 619 3418; baseline 0 -20"><span class='ocrx_word' id='word_1_197' title='bbox 126 3334 358 3417; x_wconf 89' lang='lat' dir='ltr'>Romanorum,</span> <span class='ocrx_word' id='word_1_198' title='bbox 381 3334 619 3418; x_wconf 89' lang='lat' dir='ltr'>intercipiebat.</span> 
     </span>
    </p>

    <p class='ocr_par' dir='ltr' id='par_1_4' title="bbox 127 3434 1107 3628">
     <span class='ocr_line' id='line_1_31' title="bbox 211 3434 1105 3527; baseline 0.009 -28"><span class='ocrx_word' id='word_1_199' title='bbox 211 3434 264 3500; x_wconf 89' lang='lat'>48.</span> <span class='ocrx_word' id='word_1_200' title='bbox 286 3437 368 3501; x_wconf 82' lang='lat' dir='ltr'>Erat</span> <span class='ocrx_word' id='word_1_201' title='bbox 391 3435 566 3502; x_wconf 91' lang='lat' dir='ltr'>attributus</span> <span class='ocrx_word' id='word_1_202' title='bbox 584 3439 728 3503; x_wconf 90' lang='lat' dir='ltr'>Antonio</span> <span class='ocrx_word' id='word_1_203' title='bbox 745 3439 935 3525; x_wconf 88' lang='lat' dir='ltr'>praefectus</span> <span class='ocrx_word' id='word_1_204' title='bbox 957 3442 1105 3527; x_wconf 91' lang='lat' dir='ltr'>equitum</span> 
     </span>
     <span class='ocr_line' id='line_1_32' title="bbox 127 3537 1107 3628; baseline 0.008 -26"><span class='ocrx_word' id='word_1_205' title='bbox 127 3537 374 3605; x_wconf 67' lang='lat' dir='ltr'>evonenus</span> <span class='ocrx_word' id='word_1_206' title='bbox 398 3539 604 3622; x_wconf 76' lang='lat' dir='ltr'>Quadratus,</span> <span class='ocrx_word' id='word_1_207' title='bbox 640 3544 695 3628; x_wconf 93' lang='lat' dir='ltr'>qui</span> <span class='ocrx_word' id='word_1_208' title='bbox 729 3564 803 3608; x_wconf 92' lang='lat' dir='ltr'>cum</span> <span class='ocrx_word' id='word_1_209' title='bbox 837 3564 876 3608; x_wconf 95' lang='lat' dir='ltr'>eo</span> <span class='ocrx_word' id='word_1_210' title='bbox 906 3542 1107 3610; x_wconf 85' lang='lat' dir='ltr'>hibernaret.</span> 
     </span>
    </p>
   </div>
   <div class='ocr_carea' id='block_1_3' title="bbox 0 0 1224 4028">
    <p class='ocr_par' dir='ltr' id='par_1_5' title="bbox 0 0 1224 4028">
     <span class='ocr_line' id='line_1_33' title="bbox 0 0 1224 4028; baseline 0 0"><span class='ocrx_word' id='word_1_211' title='bbox 0 0 1224 4028; x_wconf 95' lang='lat' dir='ltr'> </span> 
     </span>
    </p>
   </div>
  </div>
 </body>
</html>
