2430 4028
128 258 189 323 168
428 260 478 310 nn
497 258 617 310 nunno
637 258 796 310 Gannico

126 458 202 531 post
225 447 406 512 discessum
430 447 571 512 bostium
605 458 718 523 terror,
752 457 788 510 ut
821 434 999 530 ea'nocte,
1034 470 1108 514 cnm

128 547 233 614 Gaius
256 551 443 616 Volusenus
476 555 595 616 missus
631 574 707 616 cum
740 553 887 637 equitatu
920 551 965 617 ad
997 562 1109 618 castra

125 656 280 738 venisset,
312 654 411 720 fidem
447 676 513 720 non
546 655 671 720 faceret
698 654 816 721 adesse
846 676 922 720 cunr
950 656 1107 722 incolumi

102 758 302 827 sC-aesarem
324 761 480 823 exercitu.
505 758 560 824 Sic
585 762 716 824 omnino
740 761 869 824 animos
890 759 992 825 timor
1013 783 1106 845 prae

125 872 362 948 occupaverat,
390 871 427 927 ut
455 884 560 948 paene
589 862 733 927 alienata
759 872 868 928 mente
897 861 1015 930 deletis
1041 886 1108 930 om·

126 966 221 1031 nibus
244 966 350 1052 copiis
365 967 547 1050 equitatum
570 988 605 1029 se
628 988 670 1031 ex
687 965 767 1050 fuga
781 968 947 1051 recepisse
962 966 1110 1033 dicerent

125 1094 229 1157 neque
252 1072 407 1137 incolumi
430 1073 578 1138 exercitu
594 1070 779 1138 Germanos
801 1080 913 1137 castra
934 1092 1108 1157 oppugna·

102 1186 216 1240 ituros
238 1175 340 1241 fuisse
371 1176 615 1241 contenderent.
647 1175 753 1256 Quem
780 1177 931 1241 timorem
954 1173 1108 1241 Caesaris

125 1279 286 1345 adventus
309 1279 450 1345 sustulit.

210 1381 262 1446 42.
287 1383 451 1448 Reversus
485 1382 539 1448 ille
569 1391 705 1447 eventus
738 1381 817 1447 belli
850 1403 916 1447 non
949 1383 1108 1467 ignorans

125 1486 338 1572 unum,·“quod
361 1488 513 1552 cobortes
537 1511 578 1551 ex
602 1489 743 1552 statione
766 1497 800 1552 et
815 1485 983 1577 praesidio
999 1497 1108 1552 essent

125 1591 273 1665 emissae,
309 1601 443 1678 questus
482 1595 535 1671 (ne
564 1591 697 1656 minimo
721 1591 854 1677 quidem
886 1612 968 1656 casu
998 1591 1106 1656 locum

125 1693 265 1778 relinqui
299 1694 462 1775 debuisse)
497 1695 635 1760 multum
669 1696 836 1760 fortunam
869 1697 902 1758 in
936 1695 1106 1780 repentino

102 1796 270 1863 sbostium
304 1797 448 1862 adventu
482 1800 628 1883 potuisse
661 1796 835 1879 iudicavit,
868 1796 974 1863 multo
1009 1799 1106 1862 etiam

127 1900 277 1983 amplius,
301 1901 389 1986 quod
405 1924 509 1986 paene
533 1900 575 1965 ab
600 1902 671 1985 ipso
688 1900 776 1965 vallo
792 1903 962 1986 portisque
985 1910 1106 1967 castro·

102 2026 194 2069 arum
227 2003 388 2069 barbaros
416 2006 599 2069 avertisset.
645 2003 791 2084 Quarum
822 2006 966 2069 omnium
1000 2026 1106 2069 rernm

126 2110 270 2172 maxime
294 2108 522 2172 admirandum
546 2106 731 2186 videbatur,
755 2106 845 2193 quod
860 2105 1030 2187 Germani,
1052 2108 1105 2194 qui

127 2233 165 2275 eo
191 2211 329 2276 consilio
344 2210 495 2276 Rhenum
519 2213 727 2293 transierant,
750 2220 786 2275 ut
800 2209 1006 2295 Ambiorigis
1025 2211 1107 2276 tinea

124 2313 411 2400 depopularentur,
435 2315 479 2379 ad
502 2325 614 2381 eastra
635 2316 857 2380 Romanorum
887 2315 990 2381 delati
1014 2324 1106 2402 opta·

122 2419 285 2482 tissimum
308 2418 490 2503 Ambiorigi
514 2419 708 2484 beneficium
733 2418 929 2483 obtulerunt.

208 2520 260 2585 43.
284 2520 409 2586 Caesar
431 2544 543 2587 rursus
566 2521 609 2585 ad
624 2521 796 2587 vexandos
812 2521 924 2587 hostes
939 2522 1106 2609 profectus

122 2646 242 2708 magno
277 2636 393 2690 coacto
427 2648 562 2691 numero
598 2649 639 2689 cx
674 2626 820 2691 finitimis
854 2625 1047 2691 civitatibus
1074 2627 1105 2690 in

101 2750 236 2794 somnes
271 2738 382 2813 partes
417 2729 561 2795 dimittit.
608 2729 732 2794 Omnes
765 2731 830 2793 vici
864 2738 963 2814 atque
998 2732 1108 2795 omnia

122 2831 284 2914 aedificia,
309 2854 393 2917 quac
417 2835 553 2918 quisque
576 2843 807 2917 conspexerat,
825 2832 1107 2915 incendebantur,

100 2932 247 3018 apraeda
277 2959 320 2998 ex
343 2934 496 3000 omnibus
527 2933 610 3000 locis
644 2935 821 3019 agebatur3
853 2935 1021 3002 frumenta
1043 2959 1106 3003 non

122 3037 227 3101 solum
244 3046 338 3101 tanta
353 3037 561 3103 multitudine
577 3040 796 3103 iumentorum
819 3046 919 3123 atque
936 3038 1105 3106 hominum

122 3141 418 3224 consumebantur,
454 3143 513 3208 sed
536 3144 635 3207 etiam
659 3145 735 3207 anni
757 3153 904 3228 tempore
927 3153 1030 3229 atque
1051 3145 1107 3208 im·

121 3245 236 3311 bribus
261 3244 515 3330 procubuerant,
539 3255 585 3326 ut,
608 3249 636 3310 si
660 3249 715 3331 qui
738 3247 838 3311 etiam
860 3247 894 3310 in
916 3249 1107 3332 praesentia

122 3373 157 3413 se
182 3347 423 3424 occultassent,
452 3358 563 3413 tamen
586 3348 638 3414 his
662 3349 803 3415 deducto
828 3353 977 3415 exercitu
1000 3372 1107 3416 rerum

99 3456 268 3519 somnium
292 3454 405 3537 inopia
428 3452 629 3538 pereundum
652 3453 828 3518 videretur.
872 3452 923 3518 Ac
952 3475 1054 3540 saepe
1074 3454 1107 3518 in

121 3578 195 3621 eum
219 3557 326 3621 locum
344 3565 477 3620 ventum
499 3564 550 3621 est
571 3564 663 3621 tanto
685 3559 719 3621 in
744 3578 857 3622 omnes
872 3564 983 3642 parus
1000 3556 1106 3623 diviso
