2430 4028
127 264 170 328 44
430 263 479 314 DE
498 264 618 315 BELLO
638 263 797 315 GALLICO
1140 37 1155 363 l

127 453 214 519 bunc
237 464 371 540 propter
399 455 556 520 iustitiam
579 453 852 540 prudentiamque
882 474 977 519 suam
1010 455 1115 520 totius

127 555 206 622 belli
244 580 406 624 summam
441 560 586 623 omnium
608 556 775 623 voluntate
810 557 950 640 deferri3
986 558 1115 644 oppida

129 660 250 726 habere
273 683 408 727 numero
432 680 492 741 xn,
516 661 663 747 polliceri
686 660 776 727 milia
800 672 929 727 armata
951 663 1115 748 quinqua·

107 767 237 849 aginta
260 765 398 831 totidem
414 764 561 847 Nervios,
586 768 641 852 qui
662 768 806 831 maxime
829 765 890 831 feri
911 767 999 830 iuter
1021 766 1116 851 ipsos

107 869 314 934 ahabeantur
342 869 597 955 longissimeque
632 868 762 953 absint}
801 870 990 955 quindecim
1024 869 1117 935 milia

131 973 327 1052 Atrebates,
356 973 539 1038 Ambianos
569 973 682 1038 decem
716 972 822 1055 milia,
857 973 1006 1038 Morinos
1037 991 1116 1037 -xxv

130 1077 231 1159 milia,
254 1078 427 1162 Menapios
456 1096 506 1140 vn
534 1077 634 1160 milia,
659 1075 793 1142 Caletos
823 1093 848 1138 x
870 1074 979 1160 milia,
1003 1075 1117 1142 Velio·

132 1203 243 1246 casses
274 1189 306 1245 et
327 1180 578 1246 Veromanduos
602 1180 757 1261 totidem,
781 1178 976 1245 Aduatucos
1000 1179 1116 1246 decem
1152 1208 1155 1255 ;

99 1294 165 1350 ¹⁰et
187 1307 304 1349 novem
327 1284 440 1367 milia3
465 1283 670 1366 Condrusos,
701 1284 890 1366 Eburones,
920 1282 1116 1359 Caeroesoa
1152 1280 1155 1319 ⁵

133 1390 326 1466 Paemanos,
361 1390 415 1472 qui
451 1411 515 1452 nno
545 1391 674 1454 nomine
704 1388 861 1454 Germani
892 1387 1115 1473 appellantur,

134 1491 286 1556 arbitrari
310 1491 352 1555 ad
376 1509 422 1554 xn
446 1492 545 1556 milia.

220 1594 250 1659 5.
275 1593 399 1660 Caesar
414 1595 534 1661 Remos
557 1596 750 1662 cohortatus
775 1595 1022 1682 liberaliterque
1047 1619 1117 1662 ora·

134 1702 224 1764 tione
246 1709 440 1784 prosecutus
471 1722 599 1764 omnem
630 1709 779 1765 senatum
808 1700 852 1764 ad
881 1722 917 1764 se
939 1702 1119 1766 convenire
1152 1678 1155 1725 t

136 1804 384 1888 principumque
412 1802 533 1868 liberos
564 1801 694 1868 obsides
724 1803 826 1868 adse
856 1802 978 1869 adduci
1011 1805 1118 1870 iussit.

138 1906 232 1986 Quae
256 1908 367 1970 omnia
391 1904 433 1970 ab
462 1905 512 1972 bis
543 1905 715 1990 diligenter
743 1906 786 1971 ad
809 1908 895 1972 diem
917 1907 1010 1972 facta
1034 1916 1119 1974 sunt

115 2010 212 2095 alpse
252 2009 452 2075 Divitiacum
493 2009 644 2074 Aeduum
689 2032 887 2095 magnopere
924 2009 1118 2077 cohortatus

139 2113 245 2192 docet,
269 2122 390 2198 quanto
416 2135 516 2198 opere
544 2116 590 2178 rei
614 2112 765 2198 publicae
797 2115 1047 2199 communisque
1071 2137 1119 2180 sa·

139 2215 215 2281 lutis
238 2218 366 2281 intersit
388 2240 504 2282 manus
519 2217 662 2282 hostium
680 2217 837 2300 distineri,
861 2240 903 2282 ne
926 2238 1003 2282 cum
1024 2228 1119 2284 tanta

118 2319 345 2385 omultitudine
368 2342 433 2385 uno
457 2329 604 2406 tempore
628 2320 870 2405 confligendum
894 2322 946 2386 sit.
986 2321 1028 2387 Id
1050 2323 1120 2388 fieri

139 2446 252 2508 posse,
283 2425 310 2488 si
334 2447 411 2488 suas
435 2425 549 2509 copias
573 2423 680 2489 Aedui
704 2426 737 2489 in
759 2424 841 2490 fines
864 2423 1119 2492 Bellovacorum

139 2527 380 2592 introduxerint
413 2538 446 2592 et
479 2551 588 2593 eorum
624 2550 721 2613 agros
756 2529 905 2614 populari
941 2531 1119 2614 coeperint.

119 2629 203 2694 4His
226 2631 390 2696 mandatis
414 2653 487 2696 eum
511 2631 552 2696 ab
578 2654 611 2695 se
635 2631 776 2697 dimittit.
804 2633 984 2718 Postquam
1007 2655 1120 2698 omnes

141 2732 317 2817 Belgarum
340 2737 452 2820 copias
475 2736 508 2800 in
531 2759 632 2801 unum
656 2735 764 2801 locum
781 2745 917 2802 coactas
940 2735 985 2800 ad
1007 2759 1043 2802 se
1070 2759 1119 2802 ve·

142 2839 211 2902 nire
232 2838 323 2912 vidit,
343 2861 448 2925 neque
471 2841 536 2904 iam
558 2839 655 2924 longe
678 2839 795 2905 abesse
818 2839 861 2905 ab
884 2841 934 2923 iis,
953 2862 1037 2926 quos
1060 2843 1120 2906 mi·

144 2950 240 3021 serat,
265 2941 529 3028 exploratoribus
553 2953 585 3008 et
607 2942 649 3007 ab
672 2943 784 3008 Remis
809 2945 973 3026 cognovit,
1000 2943 1121 3011 flumen

143 3046 309 3126 Axonam,
344 3046 433 3130 quod
466 3053 516 3109 est
544 3046 576 3108 in
607 3048 761 3110 extremis
786 3047 962 3111 Remorum
989 3045 1122 3124 finibus,

144 3150 323 3213 exercitum
346 3149 517 3214 traducere
540 3149 718 3212 maturavit
740 3158 838 3234 atque
861 3149 906 3214 ibi
933 3158 1045 3214 castra
1069 3173 1123 3236 po·

123 3254 218 3316 seuit.
243 3253 338 3333 Quae
353 3274 405 3317 res
421 3263 453 3317 et
468 3252 554 3316 latus
571 3274 671 3316 unum
687 3261 869 3317 castrorum
884 3254 964 3338 ripis
979 3251 1124 3318 fluminis

145 3355 311 3420 muniebat
335 3366 377 3433 et,
401 3365 475 3441 post
504 3378 577 3420 eum
607 3377 691 3441 quae
714 3364 832 3433 essent,
861 3365 931 3420 tuta
954 3354 996 3420 ab
1022 3356 1124 3423 bosti-

145 3458 207 3523 bus
230 3458 389 3525 reddebat
419 3468 461 3536 et,
490 3467 692 3524 commeatus
719 3459 762 3523 ab
784 3459 895 3524 Remis
923 3457 1123 3549 reliquisque

146 3562 332 3627 civitatibus
355 3573 390 3628 nt
414 3565 483 3628 sine
505 3561 649 3649 periculo
675 3562 718 3628 ad
740 3586 814 3629 eum
829 3565 952 3649 portari
975 3575 1124 3648 possent,
