2430 4028
120 260 185 326 240
430 265 480 314 ΒΕ
498 265 618 316 BELLO
639 264 798 318 GALLIOO

123 455 256 536 (magna
285 455 372 518 enim
399 452 571 519 multitudo
602 475 770 520 carrorum
799 457 898 521 etiam
926 446 1104 545 expeditos

122 559 212 642 sequi
231 555 345 623 Gallos
369 558 562 642 consuevit),
588 562 738 645 oppressi
760 559 833 626 luce
856 562 971 647 copias
993 584 1104 629 arma-

121 672 227 726 torum
257 683 317 745 pro
348 661 415 726 suis
437 664 601 728 instruunt
623 665 757 747 castris,
788 687 830 730 ne
852 666 943 751 prius
961 665 1104 733 Romani

121 767 271 850 persequi
296 787 330 829 se
353 765 550 851 inciperent,
581 788 679 852 quam
705 765 835 852 longius
859 790 977 853 agmen
1000 771 1104 857 impe·

99 867 338 933 adimentorum
363 889 495 933 suorum
518 870 743 954 processisset.
783 870 827 935 At
849 869 975 937 Caesar
995 895 1104 960 neque

121 975 310 1038 resistentes
346 973 589 1057 aggrediundos
616 982 708 1039 tanto
733 973 827 1040 collis
858 996 999 1042 ascensu
1021 976 1104 1042 indi·

123 1075 235 1160 cabat,
271 1101 376 1164 neque
402 1100 469 1142 non
498 1099 600 1164 usque
629 1101 668 1143 eo
692 1077 841 1163 legiones
865 1078 1103 1165 admovendas,

121 1190 156 1244 ut
179 1180 346 1246 discedere
369 1204 412 1246 ex
435 1203 473 1246 eo
496 1182 572 1247 loco
596 1183 665 1246 sine
687 1181 833 1268 periculo
856 1181 991 1248 barbari
1017 1183 1103 1249 mili-

100 1283 209 1349 rtibus
232 1285 432 1351 instantibus
455 1307 521 1351 non
543 1295 689 1372 possent.
713 1286 776 1368 Ita,
801 1306 876 1350 cum
898 1284 1022 1372 palude
1044 1288 1104 1352 im·

122 1387 234 1471 pedita
263 1411 283 1453 a
311 1391 430 1454 eastris
462 1398 575 1454 castra
597 1389 698 1455 dividi
726 1389 863 1471 videret,
891 1410 977 1475 quae
999 1399 1106 1455 trane

121 1492 219 1556 eundi
236 1492 414 1557 difficultas
438 1492 638 1557 celeritatem
660 1492 853 1577 insequendi
869 1491 1002 1558 tardare
1027 1514 1105 1579 pos·

123 1604 181 1671 set,
206 1606 304 1682 atque
327 1595 362 1661 id
383 1598 505 1681 iugum,
529 1595 618 1683 quod
640 1604 731 1661 trans
754 1594 909 1682 paludem
931 1617 1039 1682 paene
1061 1596 1106 1661 ad

122 1699 265 1764 hostium
290 1709 400 1765 castra
422 1701 616 1786 pertineret,
644 1699 803 1766 mediocri
824 1698 912 1765 valle
939 1720 961 1763 a
983 1701 1105 1765 castris

122 1826 234 1869 eorum
248 1807 436 1870 intercisum
449 1806 592 1870 animum
605 1804 800 1885 adverteret,
815 1802 969 1890 pontibus
981 1802 1105 1888 palude

123 1918 293 1973 constrata
315 1908 461 1993 legiones
484 1907 629 1973 traducit
651 1907 865 1995 celeriterque
883 1908 916 1972 in
940 1928 1104 1973 summam

122 2012 297 2098 planiciem
319 2013 386 2096 iugi
404 2013 561 2097 pervenit,
579 2035 663 2099 quae
686 2011 805 2077 declivi
819 2011 956 2096 fastigio
972 2008 1105 2076 duobus

101 2115 165 2180 sab
193 2114 350 2181 lateribus
379 2114 595 2181 muniebatur.
639 2114 690 2180 Ibi
720 2113 906 2200 legionibus
932 2113 1105 2180 irremotis

124 2218 167 2284 ad
189 2219 337 2284 ultimum
360 2221 473 2303 iugum
496 2220 645 2304 pervenit
667 2219 837 2305 aciemque
866 2239 905 2283 eo
918 2215 1003 2282 loco
1028 2238 1106 2282 con·

124 2324 237 2402 stituit,
261 2322 347 2387 unde
369 2331 532 2388 tormento
555 2324 656 2388 missa
680 2320 747 2388 tela
769 2322 802 2386 in
817 2320 960 2388 hostium
979 2341 1105 2386 cuneos

124 2428 231 2493 conici
253 2436 399 2515 possent.

216 2533 265 2593 15.
289 2531 428 2597 Barbari
459 2531 576 2598 confisi
597 2530 663 2597 loci
686 2538 820 2614 natura,
849 2551 923 2596 cum
947 2527 1107 2595 dimicare

125 2658 190 2701 non
214 2643 415 2718 recusarent,
440 2638 467 2701 si
491 2638 575 2701 forte
590 2635 731 2701 Romani
746 2633 856 2699 subire
872 2630 989 2699 collem
1006 2654 1105 2699 eona·

124 2747 253 2821 rentur,
284 2737 442 2824 paulatim
474 2739 588 2823 copias
619 2737 812 2803 distributas
844 2733 1008 2801 dimittere
1039 2757 1106 2801 non

126 2853 270 2929 possent,
295 2867 336 2910 ne
359 2844 497 2930 dispersi
514 2841 793 2928 perturbarentur,
816 2840 851 2904 in
869 2838 941 2904 acie
955 2860 1107 2925 perman-

105 2958 247 3013 aserunt.
276 2947 422 3028 Quorum
439 2948 620 3034 pertinacia
635 2945 768 3029 cognita
784 2942 909 3009 Caesar
923 2959 974 3006 xx
989 2942 1106 3009 cohor·

126 3052 214 3117 tibus
244 3054 412 3119 instructis
444 3053 626 3137 castrisque
649 3072 687 3115 eo
717 3049 791 3114 loco
822 3047 955 3113 metatis
984 3047 1106 3114 muniri

104 3157 216 3222 siubet
238 3168 358 3222 eastra.
392 3154 562 3221 Absolutis
586 3152 739 3240 operibus
761 3174 822 3238 pro
846 3150 933 3216 vallo
956 3148 1106 3234 legiones

125 3264 302 3327 instructas
319 3258 475 3340 collocat,
500 3260 625 3343 equites
641 3257 778 3323 frenatis
796 3254 889 3340 equis
912 3255 946 3319 in
962 3255 1107 3321 statione

103 3368 280 3452 rdisponit.
309 3363 490 3446 Bellovaci,
514 3384 588 3426 cum
611 3362 777 3426 Romanos
801 3357 845 3424 ad
866 3355 1107 3441 insequendum

125 3478 259 3558 paratos
281 3469 429 3533 viderent
455 3489 562 3553 neque
584 3473 779 3552 pernoctare
811 3470 868 3527 aut
890 3460 1013 3526 diutins
1035 3482 1109 3547 por·

126 3595 258 3638 manere
282 3575 351 3636 sine
373 3569 519 3657 periculo
543 3568 658 3634 eodem
672 3566 746 3632 loco
763 3573 912 3651 possent,
935 3562 1003 3630 tale
1026 3584 1106 3631 con·
