2430 4028
342 837 377 903 C.
402 835 516 902 [ULII
543 832 760 901 CAESARIS

121 996 232 1111 DE
277 996 549 1108 BELLO
597 992 973 1105 GALLICO

352 1207 495 1263 LIBER
525 1205 754 1274 QUARTUS.

406 1574 697 1634 ARGUMENTUM.

58 1703 101 1772 [A.
122 1704 157 1756 U·
176 1703 205 1756 C.
224 1701 294 1770 699]
331 1702 457 1767 Usipetes
482 1705 509 1751 et
527 1700 653 1751 Tencteri
672 1697 800 1749 Germani
819 1699 946 1748 continuo
970 1696 1043 1748 bello

94 1790 218 1840 lacessiti
236 1805 253 1840 a
272 1788 376 1849 Suebis,
396 1803 508 1854 quorum
528 1802 616 1838 mores
635 1803 657 1836 c.
674 1787 738 1836 1-3
757 1784 953 1846 describuntur,
972 1783 1043 1834 Rhe·

95 1891 162 1924 num
180 1879 322 1925 transeunt
340 1879 368 1924 et
386 1874 535 1938 Menapios,
558 1873 655 1922 deinde
674 1872 816 1922 Eburones
836 1869 1043 1936 Condrusosque

95 1962 221 2027 aggressi
239 1976 255 2010 a
269 1960 386 2010 Caesare
405 1961 501 2010 castris
515 1963 657 2012 exuuntur.
677 1957 731 2019 Qui
744 1974 777 2008 ex
790 1958 953 2024 gravissima
965 1955 1043 2006 clade

95 2051 249 2111 evaserant,
267 2050 342 2096 trans
354 2045 478 2096 Rhenum
492 2044 526 2095 ad
537 2045 701 2111 Sugambros
719 2060 748 2095 se
766 2045 903 2109 recipiunt
915 2059 937 2093 c.
952 2043 1044 2093 1-15.

93 2134 183 2182 Ponte
201 2132 272 2182 iacto
293 2131 394 2182 Caesar
411 2131 536 2180 Rhenum
555 2130 762 2196 transgreditur,
787 2130 951 2195 Sugambros
970 2128 1044 2194 agris

95 2216 272 2268 devastandis
299 2216 452 2278 ulciscitur,
483 2215 569 2266 Ubios
597 2231 614 2265 a
642 2214 739 2265 Suebis
767 2230 908 2280 oppressos
937 2214 1046 2278 liberat,

96 2302 196 2354 deinde
219 2303 247 2352 in
274 2301 392 2353 Galliam
416 2301 487 2352 redit
511 2318 536 2352 c.
560 2302 668 2351 16-19,
702 2301 862 2352 Britanniae
880 2300 1007 2351 litoribus
1030 2315 1047 2349 a

94 2389 233 2440 Voluseno
256 2389 402 2455 exploratis
431 2393 458 2439 et
484 2387 572 2438 classe
596 2392 691 2438 coacta
715 2387 816 2438 Caesar
841 2403 855 2437 e
877 2387 991 2438 Morinis
1019 2387 1047 2437 iu

94 2474 215 2526 insulam
233 2476 325 2525 traicit
343 2491 367 2525 c.
379 2476 490 2527 20-23.
513 2474 602 2540 Aegre
621 2474 788 2525 exercituin
807 2479 905 2524 terram
926 2474 1047 2540 exposito

94 2561 228 2612 barbaros
247 2561 331 2612 semel
349 2562 501 2627 iterumque
520 2561 607 2610 vincit
625 2577 649 2610 c.
668 2560 785 2624 24-353
805 2559 945 2610 obsidibus
963 2561 1048 2624 impe·

96 2649 165 2698 ratis
182 2648 211 2697 iu
232 2646 350 2698 Galliam
373 2647 443 2697 redit
468 2664 490 2697 c.
509 2648 551 2699 36,
581 2647 693 2709 Morini,
718 2647 764 2712 qui
783 2644 960 2696 rebellionem
978 2646 1048 2697 iece-

96 2738 169 2796 rant,
183 2733 355 2799 subiguntur,
368 2748 418 2783 nec
431 2749 484 2782 non
492 2733 690 2797 Messapiorum
703 2733 762 2797 agri
774 2735 915 2782 vastantur
928 2748 949 2785 c.
956 2733 998 2797 37,
1006 2733 1048 2783 38.

151 2925 179 2987 1.
210 2923 272 3005 Ea,
296 2944 381 3009 quac
404 2932 517 2990 secuta
545 2932 604 3002 est,
628 2923 742 3008 hieme,
774 2925 829 3010 qui
858 2922 920 2988 fuit
943 2945 1048 2988 annus

61 3027 158 3092 Gneo
181 3027 350 3112 Pompeio,
380 3026 493 3092 Marco
524 3025 644 3093 Crasso
668 3025 870 3110 consulibus,
895 3026 1048 3115 Usipetes

62 3129 221 3196 Germani
251 3138 284 3194 et
311 3131 390 3194 item
413 3131 566 3196 Tencteri
588 3153 709 3217 magna
740 3152 814 3194 cum
842 3129 1048 3196 multitudine

59 3233 231 3298 hominum
264 3232 385 3298 flumen
414 3233 564 3299 Rhenum
602 3235 818 3308 transierunt,
852 3255 917 3298 non
951 3232 1049 3318 longe

61 3360 82 3402 a
104 3335 199 3416 mari,
223 3357 286 3420 quo
311 3335 444 3401 Rhenus
466 3336 583 3401 influit.
628 3335 738 3403 Causa
761 3335 953 3401 transeundi
977 3337 1071 3417 fuiti

62 3437 154 3526 quod
188 3437 230 3502 ab
267 3437 384 3503 Suebis
418 3438 603 3526 complures
634 3462 737 3506 annos
772 3440 933 3524 exagitati
962 3439 1050 3505 bello

116 3555 206 3598 caesar.
220 3555 237 3598 1.
252 3555 273 3600 h.
290 3555 314 3598 G.
880 3562 895 3611 6
