<?xml version="1.0" encoding="UTF-8"?>
<!DOCTYPE html PUBLIC "-//W3C//DTD XHTML 1.0 Transitional//EN"
    "http://www.w3.org/TR/xhtml1/DTD/xhtml1-transitional.dtd">
<html xmlns="http://www.w3.org/1999/xhtml" xml:lang="en" lang="en">
 <head>
  <title>
</title>
<meta http-equiv="Content-Type" content="text/html;charset=utf-8" />
  <meta name='ocr-system' content='tesseract 3.04.00' />
  <meta name='ocr-capabilities' content='ocr_page ocr_carea ocr_par ocr_line ocrx_word'/>
</head>
<body>
  <div class='ocr_page' id='page_1' title='image "./ciuliicaesarisc01hoffgoog_0189.png"; bbox 0 0 2430 4028; ppageno 0'>
   <div class='ocr_carea' id='block_1_1' title="bbox 129 243 806 315">
    <p class='ocr_par' dir='ltr' id='par_1_1' title="bbox 129 243 806 315">
     <span class='ocr_line' id='line_1_1' title="bbox 129 243 806 315; baseline -0.015 -11"><span class='ocrx_word' id='word_1_1' title='bbox 129 249 191 315; x_wconf 84' lang='lat'>180</span> <span class='ocrx_word' id='word_1_2' title='bbox 437 246 487 295; x_wconf 80' lang='lat' dir='ltr'>DE</span> <span class='ocrx_word' id='word_1_3' title='bbox 506 243 627 295; x_wconf 81' lang='lat' dir='ltr'>BELLO</span> <span class='ocrx_word' id='word_1_4' title='bbox 647 243 806 294; x_wconf 80' lang='lat' dir='ltr'>GALLIOO</span> 
     </span>
    </p>
   </div>
   <div class='ocr_carea' id='block_1_2' title="bbox 101 433 1150 3640">
    <p class='ocr_par' dir='ltr' id='par_1_2' title="bbox 101 433 1110 2289">
     <span class='ocr_line' id='line_1_2' title="bbox 214 433 1106 518; baseline -0.004 -14"><span class='ocrx_word' id='word_1_5' title='bbox 214 440 262 504; x_wconf 81' lang='lat'>15.</span> <span class='ocrx_word' id='word_1_6' title='bbox 293 440 448 507; x_wconf 87' lang='lat' dir='ltr'><strong>Omnium</strong></span> <span class='ocrx_word' id='word_1_7' title='bbox 482 463 644 505; x_wconf 89' lang='lat' dir='ltr'>consensu</span> <span class='ocrx_word' id='word_1_8' title='bbox 677 439 740 504; x_wconf 90' lang='lat' dir='ltr'>hac</span> <span class='ocrx_word' id='word_1_9' title='bbox 774 438 935 504; x_wconf 87' lang='lat' dir='ltr'>sententia</span> <span class='ocrx_word' id='word_1_10' title='bbox 965 433 1106 518; x_wconf 86' lang='lat' dir='ltr'>probata</span> 
     </span>
     <span class='ocr_line' id='line_1_3' title="bbox 125 541 1106 631; baseline -0.005 -22"><span class='ocrx_word' id='word_1_11' title='bbox 125 567 189 609; x_wconf 91' lang='lat' dir='ltr'>uno</span> <span class='ocrx_word' id='word_1_12' title='bbox 221 545 273 610; x_wconf 89' lang='lat' dir='ltr'>die</span> <span class='ocrx_word' id='word_1_13' title='bbox 297 545 436 631; x_wconf 91' lang='lat' dir='ltr'>amplius</span> <span class='ocrx_word' id='word_1_14' title='bbox 466 563 515 608; x_wconf 85' lang='lat' dir='ltr'>xx</span> <span class='ocrx_word' id='word_1_15' title='bbox 538 544 636 610; x_wconf 92' lang='lat' dir='ltr'>urbes</span> <span class='ocrx_word' id='word_1_16' title='bbox 666 544 851 629; x_wconf 84' lang='lat' dir='ltr'>Biturigum</span> <span class='ocrx_word' id='word_1_17' title='bbox 879 541 1106 607; x_wconf 87' lang='lat' dir='ltr'>incenduntur.</span> 
     </span>
     <span class='ocr_line' id='line_1_4' title="bbox 127 643 1107 735; baseline -0.005 -22"><span class='ocrx_word' id='word_1_18' title='bbox 127 650 201 713; x_wconf 92' lang='lat' dir='ltr'>Hoc</span> <span class='ocrx_word' id='word_1_19' title='bbox 230 648 318 714; x_wconf 92' lang='lat' dir='ltr'>idem</span> <span class='ocrx_word' id='word_1_20' title='bbox 349 651 387 714; x_wconf 86' lang='lat' dir='ltr'>fit</span> <span class='ocrx_word' id='word_1_21' title='bbox 417 651 451 714; x_wconf 93' lang='lat' dir='ltr'>in</span> <span class='ocrx_word' id='word_1_22' title='bbox 485 650 617 735; x_wconf 89' lang='lat' dir='ltr'>reliquis</span> <span class='ocrx_word' id='word_1_23' title='bbox 651 648 854 730; x_wconf 80' lang='lat' dir='ltr'>civitatibus3</span> <span class='ocrx_word' id='word_1_24' title='bbox 887 646 921 711; x_wconf 93' lang='lat' dir='ltr'>iu</span> <span class='ocrx_word' id='word_1_25' title='bbox 956 643 1107 710; x_wconf 92' lang='lat' dir='ltr'>omnibns</span> 
     </span>
     <span class='ocr_line' id='line_1_5' title="bbox 104 750 1108 839; baseline -0.005 -21"><span class='ocrx_word' id='word_1_26' title='bbox 104 751 274 837; x_wconf 83' lang='lat' dir='ltr'>apartibus</span> <span class='ocrx_word' id='word_1_27' title='bbox 296 752 448 818; x_wconf 89' lang='lat' dir='ltr'>incendia</span> <span class='ocrx_word' id='word_1_28' title='bbox 472 754 726 839; x_wconf 90' lang='lat' dir='ltr'>conspiciuntur.</span> <span class='ocrx_word' id='word_1_29' title='bbox 771 750 867 833; x_wconf 84' lang='lat' dir='ltr'>Quae</span> <span class='ocrx_word' id='word_1_30' title='bbox 893 751 958 815; x_wconf 90' lang='lat' dir='ltr'>etsi</span> <span class='ocrx_word' id='word_1_31' title='bbox 985 770 1108 834; x_wconf 87' lang='lat' dir='ltr'>magno</span> 
     </span>
     <span class='ocr_line' id='line_1_6' title="bbox 126 851 1108 938; baseline -0.003 -19"><span class='ocrx_word' id='word_1_32' title='bbox 126 879 200 920; x_wconf 90' lang='lat' dir='ltr'>cum</span> <span class='ocrx_word' id='word_1_33' title='bbox 224 855 337 921; x_wconf 91' lang='lat' dir='ltr'>dolore</span> <span class='ocrx_word' id='word_1_34' title='bbox 361 879 473 922; x_wconf 93' lang='lat' dir='ltr'>omnes</span> <span class='ocrx_word' id='word_1_35' title='bbox 496 856 658 938; x_wconf 90' lang='lat' dir='ltr'>ferebant,</span> <span class='ocrx_word' id='word_1_36' title='bbox 691 865 801 921; x_wconf 89' lang='lat' dir='ltr'>tamen</span> <span class='ocrx_word' id='word_1_37' title='bbox 823 853 887 919; x_wconf 94' lang='lat' dir='ltr'>hoc</span> <span class='ocrx_word' id='word_1_38' title='bbox 911 851 976 919; x_wconf 87' lang='lat' dir='ltr'>sibi</span> <span class='ocrx_word' id='word_1_39' title='bbox 999 852 1108 918; x_wconf 85' lang='lat' dir='ltr'>solatii</span> 
     </span>
     <span class='ocr_line' id='line_1_7' title="bbox 126 954 1108 1045; baseline -0.006 -21"><span class='ocrx_word' id='word_1_40' title='bbox 126 959 365 1044; x_wconf 81' lang='lat' dir='ltr'>proponebant,</span> <span class='ocrx_word' id='word_1_41' title='bbox 385 960 473 1045; x_wconf 92' lang='lat' dir='ltr'>quod</span> <span class='ocrx_word' id='word_1_42' title='bbox 496 982 531 1025; x_wconf 89' lang='lat' dir='ltr'>se</span> <span class='ocrx_word' id='word_1_43' title='bbox 547 982 649 1045; x_wconf 85' lang='lat' dir='ltr'>prope</span> <span class='ocrx_word' id='word_1_44' title='bbox 672 958 847 1045; x_wconf 82' lang='lat' dir='ltr'>explorata</span> <span class='ocrx_word' id='word_1_45' title='bbox 861 956 1004 1022; x_wconf 85' lang='lat' dir='ltr'>victoria</span> <span class='ocrx_word' id='word_1_46' title='bbox 1027 954 1108 1020; x_wconf 91' lang='lat' dir='ltr'>cele·</span> 
     </span>
     <span class='ocr_line' id='line_1_8' title="bbox 103 1058 1109 1148; baseline -0.004 -21"><span class='ocrx_word' id='word_1_47' title='bbox 103 1063 204 1127; x_wconf 83' lang='lat' dir='ltr'>ariter</span> <span class='ocrx_word' id='word_1_48' title='bbox 226 1064 349 1128; x_wconf 91' lang='lat' dir='ltr'>amissa</span> <span class='ocrx_word' id='word_1_49' title='bbox 371 1065 614 1148; x_wconf 83' lang='lat' dir='ltr'>reciperaturos</span> <span class='ocrx_word' id='word_1_50' title='bbox 637 1061 859 1128; x_wconf 88' lang='lat' dir='ltr'>confidebant.</span> <span class='ocrx_word' id='word_1_51' title='bbox 895 1058 1109 1125; x_wconf 75' lang='lat' dir='ltr'>Deliberatur</span> 
     </span>
     <span class='ocr_line' id='line_1_9' title="bbox 126 1163 1110 1250; baseline -0.005 -20"><span class='ocrx_word' id='word_1_52' title='bbox 126 1166 166 1231; x_wconf 90' lang='lat' dir='ltr'>de</span> <span class='ocrx_word' id='word_1_53' title='bbox 191 1165 333 1231; x_wconf 90' lang='lat' dir='ltr'>Avarico</span> <span class='ocrx_word' id='word_1_54' title='bbox 362 1167 394 1231; x_wconf 94' lang='lat' dir='ltr'>in</span> <span class='ocrx_word' id='word_1_55' title='bbox 419 1170 585 1232; x_wconf 91' lang='lat' dir='ltr'>communi</span> <span class='ocrx_word' id='word_1_56' title='bbox 614 1166 765 1248; x_wconf 90' lang='lat' dir='ltr'>concilio,</span> <span class='ocrx_word' id='word_1_57' title='bbox 796 1164 927 1230; x_wconf 86' lang='lat' dir='ltr'>incendi</span> <span class='ocrx_word' id='word_1_58' title='bbox 963 1163 1110 1250; x_wconf 77' lang='lat' dir='ltr'>placeret</span> 
     </span>
     <span class='ocr_line' id='line_1_10' title="bbox 103 1265 1108 1353; baseline -0.005 -19"><span class='ocrx_word' id='word_1_59' title='bbox 103 1291 167 1334; x_wconf 74' lang='lat' dir='ltr'>ran</span> <span class='ocrx_word' id='word_1_60' title='bbox 193 1268 334 1333; x_wconf 88' lang='lat' dir='ltr'>defendi.</span> <span class='ocrx_word' id='word_1_61' title='bbox 375 1268 598 1335; x_wconf 85' lang='lat' dir='ltr'>Procumbunt</span> <span class='ocrx_word' id='word_1_62' title='bbox 621 1268 771 1335; x_wconf 93' lang='lat' dir='ltr'>omnibus</span> <span class='ocrx_word' id='word_1_63' title='bbox 806 1266 912 1333; x_wconf 81' lang='lat' dir='ltr'>Gallis</span> <span class='ocrx_word' id='word_1_64' title='bbox 940 1266 986 1333; x_wconf 89' lang='lat' dir='ltr'>ad</span> <span class='ocrx_word' id='word_1_65' title='bbox 1007 1265 1108 1353; x_wconf 91' lang='lat' dir='ltr'>pedes</span> 
     </span>
     <span class='ocr_line' id='line_1_11' title="bbox 125 1368 1108 1458; baseline -0.004 -22"><span class='ocrx_word' id='word_1_66' title='bbox 125 1373 300 1455; x_wconf 84' lang='lat' dir='ltr'>Bituriges,</span> <span class='ocrx_word' id='word_1_67' title='bbox 335 1394 376 1436; x_wconf 92' lang='lat' dir='ltr'>ne</span> <span class='ocrx_word' id='word_1_68' title='bbox 413 1372 664 1458; x_wconf 88' lang='lat' dir='ltr'>pulcherrimam</span> <span class='ocrx_word' id='word_1_69' title='bbox 699 1395 802 1458; x_wconf 89' lang='lat' dir='ltr'>prope</span> <span class='ocrx_word' id='word_1_70' title='bbox 839 1371 941 1437; x_wconf 79' lang='lat' dir='ltr'>totius</span> <span class='ocrx_word' id='word_1_71' title='bbox 976 1368 1108 1436; x_wconf 83' lang='lat' dir='ltr'>Galliae</span> 
     </span>
     <span class='ocr_line' id='line_1_12' title="bbox 124 1474 1107 1563; baseline -0.004 -22"><span class='ocrx_word' id='word_1_72' title='bbox 124 1476 248 1550; x_wconf 87' lang='lat' dir='ltr'>urbem,</span> <span class='ocrx_word' id='word_1_73' title='bbox 283 1499 366 1562; x_wconf 90' lang='lat' dir='ltr'>quae</span> <span class='ocrx_word' id='word_1_74' title='bbox 403 1477 568 1563; x_wconf 90' lang='lat' dir='ltr'>praesidio</span> <span class='ocrx_word' id='word_1_75' title='bbox 603 1487 635 1542; x_wconf 87' lang='lat' dir='ltr'>et</span> <span class='ocrx_word' id='word_1_76' title='bbox 670 1486 862 1543; x_wconf 90' lang='lat' dir='ltr'>ornamento</span> <span class='ocrx_word' id='word_1_77' title='bbox 897 1478 939 1542; x_wconf 87' lang='lat' dir='ltr'>sit</span> <span class='ocrx_word' id='word_1_78' title='bbox 971 1474 1107 1554; x_wconf 85' lang='lat' dir='ltr'>civitati,</span> 
     </span>
     <span class='ocr_line' id='line_1_13' title="bbox 102 1577 1108 1665; baseline -0.004 -20"><span class='ocrx_word' id='word_1_79' title='bbox 102 1583 193 1645; x_wconf 74' lang='lat' dir='ltr'>ssuis</span> <span class='ocrx_word' id='word_1_80' title='bbox 216 1579 368 1645; x_wconf 90' lang='lat' dir='ltr'>manibus</span> <span class='ocrx_word' id='word_1_81' title='bbox 392 1580 592 1646; x_wconf 87' lang='lat' dir='ltr'>succendere</span> <span class='ocrx_word' id='word_1_82' title='bbox 615 1591 827 1665; x_wconf 82' lang='lat' dir='ltr'>cogerentur:</span> <span class='ocrx_word' id='word_1_83' title='bbox 865 1577 965 1643; x_wconf 88' lang='lat' dir='ltr'>facile</span> <span class='ocrx_word' id='word_1_84' title='bbox 989 1600 1026 1643; x_wconf 93' lang='lat' dir='ltr'>se</span> <span class='ocrx_word' id='word_1_85' title='bbox 1047 1577 1108 1642; x_wconf 85' lang='lat' dir='ltr'>loci</span> 
     </span>
     <span class='ocr_line' id='line_1_14' title="bbox 125 1680 1106 1770; baseline -0.004 -22"><span class='ocrx_word' id='word_1_86' title='bbox 125 1694 244 1749; x_wconf 89' lang='lat' dir='ltr'>natura</span> <span class='ocrx_word' id='word_1_87' title='bbox 273 1685 464 1751; x_wconf 83' lang='lat' dir='ltr'>defensuros</span> <span class='ocrx_word' id='word_1_88' title='bbox 494 1684 622 1766; x_wconf 85' lang='lat' dir='ltr'>dicunt,</span> <span class='ocrx_word' id='word_1_89' title='bbox 649 1685 742 1770; x_wconf 78' lang='lat' dir='ltr'>¹quod</span> <span class='ocrx_word' id='word_1_90' title='bbox 764 1705 868 1769; x_wconf 91' lang='lat' dir='ltr'>prope</span> <span class='ocrx_word' id='word_1_91' title='bbox 890 1706 934 1748; x_wconf 89' lang='lat' dir='ltr'>ex</span> <span class='ocrx_word' id='word_1_92' title='bbox 958 1680 1106 1747; x_wconf 90' lang='lat' dir='ltr'>omnibus</span> 
     </span>
     <span class='ocr_line' id='line_1_15' title="bbox 125 1783 1107 1874; baseline -0.005 -22"><span class='ocrx_word' id='word_1_93' title='bbox 125 1789 274 1874; x_wconf 90' lang='lat' dir='ltr'>partibus</span> <span class='ocrx_word' id='word_1_94' title='bbox 292 1788 424 1853; x_wconf 89' lang='lat' dir='ltr'>flumine</span> <span class='ocrx_word' id='word_1_95' title='bbox 452 1797 485 1853; x_wconf 88' lang='lat' dir='ltr'>et</span> <span class='ocrx_word' id='word_1_96' title='bbox 499 1788 620 1874; x_wconf 90' lang='lat' dir='ltr'>palude</span> <span class='ocrx_word' id='word_1_97' title='bbox 643 1787 846 1854; x_wconf 89' lang='lat' dir='ltr'>circumdata</span> <span class='ocrx_word' id='word_1_98' title='bbox 868 1807 971 1851; x_wconf 88' lang='lat' dir='ltr'>unum</span> <span class='ocrx_word' id='word_1_99' title='bbox 989 1783 1107 1850; x_wconf 84' lang='lat' dir='ltr'>babeat</span> 
     </span>
     <span class='ocr_line' id='line_1_16' title="bbox 101 1887 1106 1978; baseline -0.001 -26"><span class='ocrx_word' id='word_1_100' title='bbox 101 1903 156 1958; x_wconf 78' lang='lat' dir='ltr'>set</span> <span class='ocrx_word' id='word_1_101' title='bbox 189 1901 423 1977; x_wconf 84' lang='lat' dir='ltr'>perangustum</span> <span class='ocrx_word' id='word_1_102' title='bbox 441 1893 575 1959; x_wconf 86' lang='lat' dir='ltr'>aditum.</span> <span class='ocrx_word' id='word_1_103' title='bbox 603 1892 712 1958; x_wconf 91' lang='lat' dir='ltr'>Datur</span> <span class='ocrx_word' id='word_1_104' title='bbox 730 1891 916 1978; x_wconf 90' lang='lat' dir='ltr'>petentibus</span> <span class='ocrx_word' id='word_1_105' title='bbox 935 1887 1106 1956; x_wconf 80' lang='lat' dir='ltr'>veuia&#39;dis·</span> 
     </span>
     <span class='ocr_line' id='line_1_17' title="bbox 123 1993 1107 2082; baseline -0.008 -20"><span class='ocrx_word' id='word_1_106' title='bbox 123 1995 282 2062; x_wconf 86' lang='lat' dir='ltr'>suadente</span> <span class='ocrx_word' id='word_1_107' title='bbox 306 1999 409 2082; x_wconf 85' lang='lat' dir='ltr'>primo</span> <span class='ocrx_word' id='word_1_108' title='bbox 433 1997 718 2082; x_wconf 85' lang='lat' dir='ltr'>Vercingetorige,</span> <span class='ocrx_word' id='word_1_109' title='bbox 750 2005 826 2082; x_wconf 87' lang='lat' dir='ltr'>post</span> <span class='ocrx_word' id='word_1_110' title='bbox 847 1993 1052 2061; x_wconf 83' lang='lat' dir='ltr'>concedente</span> <span class='ocrx_word' id='word_1_111' title='bbox 1079 1999 1107 2055; x_wconf 89' lang='lat' dir='ltr'>et</span> 
     </span>
     <span class='ocr_line' id='line_1_18' title="bbox 123 2097 1105 2186; baseline -0.006 -20"><span class='ocrx_word' id='word_1_112' title='bbox 123 2099 274 2186; x_wconf 88' lang='lat' dir='ltr'>precibus</span> <span class='ocrx_word' id='word_1_113' title='bbox 299 2101 444 2185; x_wconf 91' lang='lat' dir='ltr'>ipsorum</span> <span class='ocrx_word' id='word_1_114' title='bbox 474 2109 507 2164; x_wconf 89' lang='lat' dir='ltr'>et</span> <span class='ocrx_word' id='word_1_115' title='bbox 529 2099 752 2166; x_wconf 89' lang='lat' dir='ltr'>misericordia</span> <span class='ocrx_word' id='word_1_116' title='bbox 774 2099 875 2184; x_wconf 87' lang='lat' dir='ltr'>vulgi.</span> <span class='ocrx_word' id='word_1_117' title='bbox 905 2097 1105 2164; x_wconf 75' lang='lat' dir='ltr'>Defensores</span> 
     </span>
     <span class='ocr_line' id='line_1_19' title="bbox 123 2202 598 2289; baseline -0.002 -21"><span class='ocrx_word' id='word_1_118' title='bbox 123 2202 246 2289; x_wconf 91' lang='lat' dir='ltr'>oppido</span> <span class='ocrx_word' id='word_1_119' title='bbox 271 2202 380 2268; x_wconf 88' lang='lat' dir='ltr'>idonei</span> <span class='ocrx_word' id='word_1_120' title='bbox 404 2202 598 2288; x_wconf 84' lang='lat' dir='ltr'>deliguntur.</span> 
     </span>
    </p>

    <p class='ocr_par' dir='ltr' id='par_1_3' title="bbox 102 2303 1150 3430">
     <span class='ocr_line' id='line_1_20' title="bbox 211 2303 1105 2392; baseline -0.001 -24"><span class='ocrx_word' id='word_1_121' title='bbox 211 2306 261 2370; x_wconf 85' lang='grc'>16.</span> <span class='ocrx_word' id='word_1_122' title='bbox 278 2306 530 2392; x_wconf 88' lang='lat' dir='ltr'>Vercingetorix</span> <span class='ocrx_word' id='word_1_123' title='bbox 546 2307 728 2372; x_wconf 91' lang='lat' dir='ltr'>minoribus</span> <span class='ocrx_word' id='word_1_124' title='bbox 743 2304 921 2372; x_wconf 79' lang='lat' dir='ltr'>Caesarem</span> <span class='ocrx_word' id='word_1_125' title='bbox 936 2303 1105 2371; x_wconf 83' lang='lat' dir='ltr'>itineribus</span> 
     </span>
     <span class='ocr_line' id='line_1_21' title="bbox 124 2406 1150 2497; baseline -0.005 -22"><span class='ocrx_word' id='word_1_126' title='bbox 124 2410 333 2497; x_wconf 89' lang='lat' dir='ltr'>subsequitur</span> <span class='ocrx_word' id='word_1_127' title='bbox 355 2419 388 2474; x_wconf 89' lang='lat' dir='ltr'>ct</span> <span class='ocrx_word' id='word_1_128' title='bbox 403 2410 512 2476; x_wconf 93' lang='lat' dir='ltr'>locum</span> <span class='ocrx_word' id='word_1_129' title='bbox 535 2413 653 2477; x_wconf 90' lang='lat' dir='ltr'>castris</span> <span class='ocrx_word' id='word_1_130' title='bbox 672 2410 788 2496; x_wconf 88' lang='lat' dir='ltr'>deligit</span> <span class='ocrx_word' id='word_1_131' title='bbox 802 2407 982 2496; x_wconf 86' lang='lat' dir='ltr'>paludibus</span> <span class='ocrx_word' id='word_1_132' title='bbox 1006 2406 1104 2473; x_wconf 82' lang='lat' dir='ltr'>silvis·</span> <span class='ocrx_word' id='word_1_133' title='bbox 1147 2412 1150 2493; x_wconf 72' lang='lat' dir='ltr'>t</span> 
     </span>
     <span class='ocr_line' id='line_1_22' title="bbox 124 2513 1104 2600; baseline -0.007 -21"><span class='ocrx_word' id='word_1_134' title='bbox 124 2538 186 2600; x_wconf 89' lang='lat' dir='ltr'>que</span> <span class='ocrx_word' id='word_1_135' title='bbox 209 2517 371 2580; x_wconf 90' lang='lat' dir='ltr'>munitum</span> <span class='ocrx_word' id='word_1_136' title='bbox 395 2514 436 2580; x_wconf 91' lang='lat' dir='ltr'>ab</span> <span class='ocrx_word' id='word_1_137' title='bbox 457 2513 600 2580; x_wconf 85' lang='lat' dir='ltr'>Avarico</span> <span class='ocrx_word' id='word_1_138' title='bbox 623 2515 721 2600; x_wconf 88' lang='lat' dir='ltr'>longe</span> <span class='ocrx_word' id='word_1_139' title='bbox 744 2513 836 2580; x_wconf 92' lang='lat' dir='ltr'>milia</span> <span class='ocrx_word' id='word_1_140' title='bbox 857 2534 1023 2599; x_wconf 86' lang='lat' dir='ltr'>passuum</span> <span class='ocrx_word' id='word_1_141' title='bbox 1036 2525 1104 2576; x_wconf 85' lang='lat' dir='ltr'>xv1.</span> 
     </span>
     <span class='ocr_line' id='line_1_23' title="bbox 102 2616 1104 2704; baseline 0.005 -28"><span class='ocrx_word' id='word_1_142' title='bbox 102 2618 175 2681; x_wconf 77' lang='lat' dir='ltr'>albi</span> <span class='ocrx_word' id='word_1_143' title='bbox 199 2640 258 2703; x_wconf 91' lang='lat' dir='ltr'>per</span> <span class='ocrx_word' id='word_1_144' title='bbox 280 2627 388 2682; x_wconf 90' lang='lat' dir='ltr'>certos</span> <span class='ocrx_word' id='word_1_145' title='bbox 412 2619 638 2704; x_wconf 87' lang='lat' dir='ltr'>exploratores</span> <span class='ocrx_word' id='word_1_146' title='bbox 661 2621 694 2683; x_wconf 92' lang='lat' dir='ltr'>in</span> <span class='ocrx_word' id='word_1_147' title='bbox 717 2617 847 2703; x_wconf 90' lang='lat' dir='ltr'>singula</span> <span class='ocrx_word' id='word_1_148' title='bbox 862 2616 927 2683; x_wconf 88' lang='lat' dir='ltr'>diei</span> <span class='ocrx_word' id='word_1_149' title='bbox 948 2624 1104 2703; x_wconf 84' lang='lat' dir='ltr'>tempora,</span> 
     </span>
     <span class='ocr_line' id='line_1_24' title="bbox 124 2715 1105 2807; baseline -0.003 -22"><span class='ocrx_word' id='word_1_150' title='bbox 124 2743 208 2805; x_wconf 92' lang='lat' dir='ltr'>quae</span> <span class='ocrx_word' id='word_1_151' title='bbox 232 2721 274 2785; x_wconf 91' lang='lat' dir='ltr'>ad</span> <span class='ocrx_word' id='word_1_152' title='bbox 291 2720 468 2786; x_wconf 86' lang='lat' dir='ltr'>Avaricum</span> <span class='ocrx_word' id='word_1_153' title='bbox 493 2730 676 2805; x_wconf 88' lang='lat' dir='ltr'>agerentur,</span> <span class='ocrx_word' id='word_1_154' title='bbox 704 2719 930 2805; x_wconf 87' lang='lat' dir='ltr'>cognoscebat</span> <span class='ocrx_word' id='word_1_155' title='bbox 950 2727 996 2805; x_wconf 84' lang='lat' dir='ltr'>et,</span> <span class='ocrx_word' id='word_1_156' title='bbox 1031 2715 1105 2807; x_wconf 92' lang='lat' dir='ltr'>quid</span> 
     </span>
     <span class='ocr_line' id='line_1_25' title="bbox 102 2822 1104 2911; baseline 0.007 -28"><span class='ocrx_word' id='word_1_157' title='bbox 102 2822 192 2886; x_wconf 79' lang='lat' dir='ltr'>:rfieri</span> <span class='ocrx_word' id='word_1_158' title='bbox 217 2823 326 2905; x_wconf 89' lang='lat' dir='ltr'>vellet,</span> <span class='ocrx_word' id='word_1_159' title='bbox 351 2825 546 2911; x_wconf 84' lang='lat' dir='ltr'>imperabat.</span> <span class='ocrx_word' id='word_1_160' title='bbox 579 2825 702 2892; x_wconf 89' lang='lat' dir='ltr'>Omnes</span> <span class='ocrx_word' id='word_1_161' title='bbox 725 2835 854 2892; x_wconf 87' lang='lat' dir='ltr'>nostras</span> <span class='ocrx_word' id='word_1_162' title='bbox 876 2823 1104 2910; x_wconf 75' lang='lat' dir='ltr'>pabulationes</span> 
     </span>
     <span class='ocr_line' id='line_1_26' title="bbox 125 2924 1104 3015; baseline 0.004 -27"><span class='ocrx_word' id='word_1_163' title='bbox 125 2924 459 3014; x_wconf 87' lang='lat' dir='ltr'>frumentationesque</span> <span class='ocrx_word' id='word_1_164' title='bbox 477 2929 676 2994; x_wconf 90' lang='lat' dir='ltr'>observabat</span> <span class='ocrx_word' id='word_1_165' title='bbox 692 2929 933 3015; x_wconf 89' lang='lat' dir='ltr'>dispersosque,</span> <span class='ocrx_word' id='word_1_166' title='bbox 949 2951 1027 2995; x_wconf 92' lang='lat' dir='ltr'>cum</span> <span class='ocrx_word' id='word_1_167' title='bbox 1040 2928 1104 2995; x_wconf 94' lang='lat' dir='ltr'>lon·</span> 
     </span>
     <span class='ocr_line' id='line_1_27' title="bbox 125 3030 1104 3119; baseline 0.001 -26"><span class='ocrx_word' id='word_1_168' title='bbox 125 3031 198 3112; x_wconf 88' lang='lat' dir='ltr'>gius</span> <span class='ocrx_word' id='word_1_169' title='bbox 221 3033 409 3095; x_wconf 89' lang='lat' dir='ltr'>necessario</span> <span class='ocrx_word' id='word_1_170' title='bbox 433 3031 659 3118; x_wconf 88' lang='lat' dir='ltr'>procederent,</span> <span class='ocrx_word' id='word_1_171' title='bbox 690 3030 901 3098; x_wconf 91' lang='lat' dir='ltr'>adoriebatur</span> <span class='ocrx_word' id='word_1_172' title='bbox 922 3051 1104 3119; x_wconf 83' lang='lat' dir='ltr'>magnoque</span> 
     </span>
     <span class='ocr_line' id='line_1_28' title="bbox 124 3133 1104 3224; baseline 0.007 -30"><span class='ocrx_word' id='word_1_173' title='bbox 124 3133 330 3198; x_wconf 90' lang='lat' dir='ltr'>incommodo</span> <span class='ocrx_word' id='word_1_174' title='bbox 366 3135 548 3219; x_wconf 85' lang='lat' dir='ltr'>afficiebat,</span> <span class='ocrx_word' id='word_1_175' title='bbox 584 3137 655 3213; x_wconf 84' lang='lat' dir='ltr'>etsi,</span> <span class='ocrx_word' id='word_1_176' title='bbox 690 3145 848 3224; x_wconf 90' lang='lat' dir='ltr'>quantum</span> <span class='ocrx_word' id='word_1_177' title='bbox 877 3137 1008 3202; x_wconf 88' lang='lat' dir='ltr'>ratione</span> <span class='ocrx_word' id='word_1_178' title='bbox 1036 3156 1104 3222; x_wconf 82' lang='lat' dir='ltr'>pro</span> 
     </span>
     <span class='ocr_line' id='line_1_29' title="bbox 123 3234 1103 3322; baseline 0.004 -24"><span class='ocrx_word' id='word_1_179' title='bbox 123 3234 225 3300; x_wconf 88' lang='lat' dir='ltr'>videri</span> <span class='ocrx_word' id='word_1_180' title='bbox 249 3247 394 3322; x_wconf 85' lang='lat' dir='ltr'>poterat,</span> <span class='ocrx_word' id='word_1_181' title='bbox 424 3238 466 3303; x_wconf 94' lang='lat' dir='ltr'>ab</span> <span class='ocrx_word' id='word_1_182' title='bbox 490 3242 610 3306; x_wconf 88' lang='lat' dir='ltr'>nostris</span> <span class='ocrx_word' id='word_1_183' title='bbox 634 3241 884 3322; x_wconf 91' lang='lat' dir='ltr'>occurrebatur,</span> <span class='ocrx_word' id='word_1_184' title='bbox 916 3247 952 3306; x_wconf 91' lang='lat' dir='ltr'>ut</span> <span class='ocrx_word' id='word_1_185' title='bbox 974 3240 1103 3305; x_wconf 84' lang='lat' dir='ltr'>incertis</span> 
     </span>
     <span class='ocr_line' id='line_1_30' title="bbox 123 3341 883 3430; baseline 0.009 -26"><span class='ocrx_word' id='word_1_186' title='bbox 123 3341 325 3426; x_wconf 87' lang='lat' dir='ltr'>temporibus</span> <span class='ocrx_word' id='word_1_187' title='bbox 349 3343 552 3430; x_wconf 88' lang='lat' dir='ltr'>diversisque</span> <span class='ocrx_word' id='word_1_188' title='bbox 575 3347 744 3411; x_wconf 91' lang='lat' dir='ltr'>itineribus</span> <span class='ocrx_word' id='word_1_189' title='bbox 772 3350 883 3412; x_wconf 89' lang='lat' dir='ltr'>iretur.</span> 
     </span>
    </p>

    <p class='ocr_par' dir='ltr' id='par_1_4' title="bbox 125 3443 1103 3640">
     <span class='ocr_line' id='line_1_31' title="bbox 216 3443 1103 3536; baseline 0.012 -30"><span class='ocrx_word' id='word_1_190' title='bbox 216 3444 265 3509; x_wconf 82' lang='lat'>17.</span> <span class='ocrx_word' id='word_1_191' title='bbox 283 3443 407 3511; x_wconf 77' lang='lat' dir='ltr'>Castris</span> <span class='ocrx_word' id='word_1_192' title='bbox 424 3448 467 3511; x_wconf 93' lang='lat' dir='ltr'>ad</span> <span class='ocrx_word' id='word_1_193' title='bbox 483 3469 553 3513; x_wconf 84' lang='lat' dir='ltr'>eam</span> <span class='ocrx_word' id='word_1_194' title='bbox 570 3459 699 3536; x_wconf 88' lang='lat' dir='ltr'>partem</span> <span class='ocrx_word' id='word_1_195' title='bbox 716 3447 828 3535; x_wconf 92' lang='lat' dir='ltr'>oppidi</span> <span class='ocrx_word' id='word_1_196' title='bbox 847 3447 1103 3534; x_wconf 77' lang='lat' dir='ltr'>positisanw‚</span> 
     </span>
     <span class='ocr_line' id='line_1_32' title="bbox 125 3551 1102 3640; baseline 0.012 -29"><span class='ocrx_word' id='word_1_197' title='bbox 125 3569 210 3633; x_wconf 92' lang='lat' dir='ltr'>quae</span> <span class='ocrx_word' id='word_1_198' title='bbox 237 3551 422 3615; x_wconf 89' lang='lat' dir='ltr'>intermissa</span> <span class='ocrx_word' id='word_1_199' title='bbox 452 3574 472 3615; x_wconf 89' lang='lat' dir='ltr'>a</span> <span class='ocrx_word' id='word_1_200' title='bbox 497 3552 629 3618; x_wconf 89' lang='lat' dir='ltr'>flumine</span> <span class='ocrx_word' id='word_1_201' title='bbox 659 3562 692 3618; x_wconf 87' lang='lat' dir='ltr'>et</span> <span class='ocrx_word' id='word_1_202' title='bbox 719 3577 739 3619; x_wconf 93' lang='lat' dir='ltr'>a</span> <span class='ocrx_word' id='word_1_203' title='bbox 764 3552 941 3640; x_wconf 88' lang='lat' dir='ltr'>paludibus</span> <span class='ocrx_word' id='word_1_204' title='bbox 970 3553 1102 3633; x_wconf 76' lang='lat' dir='ltr'>aditum,</span> 
     </span>
    </p>
   </div>
   <div class='ocr_carea' id='block_1_3' title="bbox 0 0 1220 4028">
    <p class='ocr_par' dir='ltr' id='par_1_5' title="bbox 0 0 1220 4028">
     <span class='ocr_line' id='line_1_33' title="bbox 0 0 1220 4028; baseline 0 0"><span class='ocrx_word' id='word_1_205' title='bbox 0 0 1220 4028; x_wconf 95' lang='lat' dir='ltr'> </span> 
     </span>
    </p>
   </div>
  </div>
 </body>
</html>
