2430 4028
183 256 244 320 154
490 257 540 305 nn
559 253 679 305 annno
700 253 859 305 osunroo

181 450 438 526 constituerunt,
473 469 531 531 ea,
566 468 649 533 quae
671 445 759 512 bello
783 446 945 532 ceperint,
972 445 1164 532 plerumque

183 552 363 618 devovent:
398 554 453 638 qui
485 552 711 638 superaverint
738 549 895 616 animalia
923 558 1025 636 capta
1053 551 1165 617 immo-

159 655 251 722 rlant
266 655 473 742 reliquasque
488 679 541 720 res
556 657 590 720 in
606 678 707 721 unum
723 654 833 719 looum
848 654 1034 719 conferunt.
1052 652 1165 718 Multis

182 761 214 824 in
231 760 420 825 civitatibus
445 759 559 824 harum
581 781 689 824 rerum
712 765 900 823 exstructos
922 756 1071 823 tumulos
1087 756 1166 823 loeis

160 865 384 929 soonseoratis
407 862 592 948 conspicari
615 861 710 943 lioet3
732 881 838 945 neque
861 882 962 946 saepo
976 860 1113 943 accidit,
1134 869 1167 925 ut

183 967 335 1051 neglecta
358 968 520 1052 quispiam
548 964 706 1050 religione
735 973 793 1030 aut
814 973 914 1049 oapta
941 963 1034 1047 apud
1056 986 1094 1030 se
1118 986 1167 1031 oo·

185 1070 309 1136 cultaro
333 1081 389 1135 aut
411 1070 521 1154 posita
550 1069 664 1134 tollere
692 1068 844 1152 auderet,
873 1069 1168 1154 gravissimumque

184 1175 283 1238 sirei
308 1173 506 1259 supplicium
529 1194 604 1236 oum
627 1173 775 1236 cruciatu
798 1171 1014 1237 constitutum
1037 1180 1100 1236 est.

273 1276 321 1340 18.
361 1275 450 1341 Galli
479 1299 514 1341 se
545 1298 658 1341 omnes
690 1274 732 1340 ab
760 1276 839 1340 Dite
868 1283 962 1360 patre
987 1283 1167 1360 prognatos

163 1380 380 1464 apraedicant
403 1379 501 1464 idque
524 1378 566 1444 ab
583 1376 753 1443 druidibus
776 1376 943 1463 proditum
965 1376 1093 1443 dieunt
1118 1376 1166 1442 Ob

186 1506 260 1547 eam
297 1503 431 1546 causam
464 1485 572 1568 spatia
606 1483 711 1547 omnis
745 1484 903 1567 temporis
935 1503 1003 1547 uon
1036 1502 1167 1546 numero

186 1587 319 1669 dierum,
344 1585 403 1651 sed
425 1589 572 1650 noctium
594 1584 728 1667 finiunt3
760 1584 829 1649 dies
859 1584 989 1650 natales
1020 1593 1054 1650 et
1082 1607 1167 1650 men·

189 1691 270 1754 sium
302 1699 334 1754 et
364 1710 524 1754 annorum
553 1689 648 1753 initia
677 1690 724 1752 sio
754 1687 947 1769 observant,
980 1695 1019 1753 ut
1041 1698 1168 1756 nootem

165 1792 256 1857 adies
288 1791 515 1877 subsequatur.
560 1792 600 1855 In
633 1790 767 1876 reliquis
797 1792 881 1856 vitae
915 1791 1076 1857 institutis
1109 1794 1168 1859 hoo

188 1899 256 1961 fere
285 1895 327 1959 ab
356 1894 491 1981 reliquis
522 1895 687 1974 differunt,
725 1894 814 1979 quod
837 1917 915 1960 suos
937 1892 1080 1980 liberos,
1109 1898 1168 1962 nisi

188 2022 263 2063 cum
285 1997 516 2078 adoleverunt,
551 2006 587 2062 ut
609 2020 728 2062 munus
750 1997 887 2062 militiae
910 1997 1076 2064 sustinere
1097 2021 1168 2086 pos-

189 2104 263 2183 sint,
293 2101 404 2186 palam
438 2100 482 2165 ad
516 2123 550 2165 se
585 2100 676 2166 adire
710 2122 776 2164 non
807 2102 978 2185 patiuntur
1004 2100 1168 2190 filiumque

188 2205 304 2290 puerili
335 2213 443 2269 aetate
471 2206 505 2268 iu
534 2203 666 2289 publico
698 2206 732 2268 in
754 2214 936 2289 conspeetu
963 2207 1071 2290 patris
1094 2208 1169 2272 assi·

190 2319 274 2374 stere
298 2319 394 2396 turpe
418 2308 551 2372 ducunt.

276 2411 327 2476 19.
355 2413 442 2492 Viri,
479 2421 618 2497 quantas
642 2412 801 2498 pecunias
831 2410 873 2476 ab
900 2411 1064 2480 uxoribus
1088 2412 1169 2480 dotis

189 2518 321 2581 nomine
353 2525 569 2602 aeceperunt,
604 2525 715 2581 tantas
738 2539 780 2581 ex
803 2517 870 2581 suis
899 2516 998 2583 bonis
1019 2520 1169 2607 aufinia-

168 2623 277 2684 atioue
299 2621 388 2684 faeta
411 2642 485 2685 uum
502 2619 634 2686 dotibus
657 2621 912 2686 communicant.
936 2619 1046 2687 Huius
1069 2622 1170 2688 omnis

189 2726 347 2809 pecuniae
371 2724 571 2788 coniunctim
600 2724 684 2786 ratio
714 2722 857 2789 habetur
884 2723 1078 2811 fructusque
1111 2747 1170 2790 sor

190 2836 325 2905 vantur3
361 2838 434 2892 uter
463 2849 576 2891 eorum
609 2830 679 2892 vita
711 2829 889 2912 superarit,
925 2827 969 2893 ad
997 2849 1075 2895 eum
1096 2850 1170 2915 pars

191 2932 359 3015 utriusque
381 2952 456 2994 oum
478 2930 639 2995 fructibus
663 2932 866 3015 superiorum
894 2940 1081 3016 temporum
1104 2954 1171 3019 per·

169 3033 290 3097 evenit.
322 3033 393 3099 Viri
415 3035 449 3098 in
472 3055 603 3116 uxores,
629 3034 722 3098 sicuti
747 3035 779 3097 iu
802 3033 935 3114 liberos,
958 3035 1049 3100 vitae
1072 3036 1170 3102 neeis·

191 3159 254 3222 que
276 3134 398 3201 habent
421 3144 635 3221 potestatem
659 3146 691 3201 et
715 3146 906 3222 cumpater
930 3138 1079 3205 familias
1100 3138 1169 3205 illu·

194 3239 310 3304 striore
326 3239 400 3305 loco
417 3250 515 3306 natus
528 3240 678 3323 decessit,
697 3242 766 3306 eius
778 3243 954 3328 propinqui
976 3245 1172 3310 conveniunt

192 3353 233 3424 et,
263 3342 303 3408 de
331 3353 435 3409 morte
463 3345 490 3409 si
518 3347 626 3410 resin
656 3346 875 3431 suspicionem
898 3347 998 3430 venit,
1029 3347 1073 3415 de
1095 3369 1170 3414 uxo

192 3447 281 3512 ribus
304 3449 338 3512 in
361 3448 511 3513 servilem
535 3449 667 3514 modum
684 3451 911 3535 quaestionem
933 3448 1058 3517 habent
1079 3463 1121 3535 et,
1144 3452 1168 3515 si

193 3561 395 3635 compertum
419 3561 482 3634 est,
517 3553 585 3635 igni
614 3566 713 3638 atque
737 3553 888 3629 omnibus
917 3558 1092 3622 tormentis
1118 3577 1169 3620 ox·
