2430 4028
410 279 520 329 mann
538 279 570 344 v,
590 279 666 330 oar.
687 279 795 331 11-14.
1029 279 1089 343 113

106 470 282 535 maritimis
309 469 446 544 ferrum,
478 469 536 535 sod
559 471 627 536 eius
658 472 780 554 exigua
803 479 852 536 est
874 472 986 556 copia,
1015 493 1090 536 aere

106 581 243 638 utuntur
271 574 458 660 importato.
486 573 627 639 Materia
659 576 818 660 cuiusque
847 577 975 658 generis
998 585 1034 640 ut
1056 578 1090 640 in

107 675 222 741 Gallia
244 686 294 743 est
316 685 447 762 praeter
468 677 579 761 fagum
609 685 708 763 atque
732 677 881 742 abietem.
926 679 1112 765 Leporomo

106 791 140 845 et
162 780 319 865 gallinam
343 791 375 844 et
390 802 538 845 anserem
555 787 689 864 gustare
707 779 759 845 fas
777 803 843 845 non
858 789 992 866 putant,
1007 780 1089 847 haee

106 891 217 948 tamen
240 883 332 948 alunt
354 885 455 948 animi
477 882 723 968 voluptatisque
746 905 858 947 causa.
894 885 986 949 Loca
1009 895 1085 949 sunt

105 989 340 1072 temperatiora
352 1008 450 1072 quam
462 988 494 1050 in
509 985 629 1068 Gallia,
642 986 881 1052 remissioribus
898 987 1089 1072 frigoribus.

197 1089 247 1153 13.
275 1089 388 1156 insula
416 1102 534 1157 natura
563 1093 732 1177 triquetra,
763 1094 856 1157 cuius
879 1115 979 1158 unum
1004 1092 1089 1159 latus

104 1204 158 1262 est
181 1204 298 1260 eontra
311 1193 463 1261 Galliam.
488 1197 595 1262 Huius
618 1196 731 1262 lateris
755 1196 838 1261 alter
861 1196 1010 1280 angulus,
1036 1199 1091 1283 qui

105 1298 225 1364 estad
249 1296 413 1372 Cantium.
444 1322 508 1386 quo
538 1301 607 1366 fere
640 1322 752 1366 omnes
781 1324 823 1365 ex
847 1299 959 1366 Gallia
987 1323 1090 1365 naves

104 1400 331 1486 appelluntur,
360 1403 403 1468 ad
429 1405 586 1468 orientem
620 1402 741 1481 solem,
769 1403 902 1469 inferior
931 1405 974 1469 ad
996 1406 1090 1470 meri·

105 1505 193 1570 diem
223 1514 360 1591 spectat.
392 1506 467 1571 Hoc
496 1509 638 1592 pertinet
659 1508 791 1571 circiter
819 1506 910 1572 milia
933 1531 1090 1593 passuum

105 1611 294 1694 quingenta.
311 1609 460 1676 Alterum
478 1613 585 1694 vergit
609 1609 652 1675 ad
669 1611 866 1696 Hispaniam
890 1620 988 1697 atque
1005 1615 1110 1680 oeci-e

105 1713 239 1778 dentem
262 1712 386 1797 solem,
416 1736 482 1800 qua
505 1737 547 1778 ex
570 1711 661 1800 parte
686 1723 735 1779 est
757 1713 929 1797 Hibernia,
953 1716 1088 1781 dimidio

102 1815 227 1898 minor,
261 1825 298 1880 ut
319 1818 545 1896 existimatur,
581 1839 680 1903 quam
709 1817 891 1897 Britannia,
925 1820 984 1884 sed
1017 1820 1089 1906 pari

105 1919 214 2004 spatio
231 1921 444 1985 transmissus
461 1929 559 2005 atque
576 1941 618 1983 ex
635 1917 745 1984 Gallia
761 1928 811 1984 est
826 1922 858 1985 in
872 1921 1089 1988 Britanniam.

104 2024 144 2089 In
160 2024 225 2089 hoo
241 2023 348 2089 medio
365 2045 462 2088 eursu
479 2033 529 2089 est
544 2023 662 2106 insula,
676 2046 760 2108 quae
776 2024 1110 2110 appellaturMona32

105 2127 294 2213 complures
310 2137 482 2213 praeterea
497 2131 639 2193 minores
657 2127 824 2194 subiectae
840 2129 966 2194 insulae
978 2132 1089 2196 existi·

106 2241 257 2313 mantur3
281 2231 321 2296 do
346 2230 464 2317 quibus
487 2230 602 2296 insulis
621 2231 770 2297 nonnulli
794 2235 996 2318 seripserunt
1018 2234 1088 2299 dies

102 2337 280 2399 continuos
295 2335 430 2418 triginta
447 2333 507 2400 sub
523 2334 639 2399 bruma
656 2357 728 2400 esse
749 2344 891 2400 noetem.
915 2336 985 2401 Nos
1007 2336 1111 2403 nihils

102 2439 143 2504 'de
169 2461 207 2504 eo
231 2438 535 2524 percontationibus
558 2438 813 2524 reperiebamus,
839 2440 903 2504 nisi
926 2442 1023 2505 certis
1046 2463 1089 2504 ex

102 2563 194 2627 aqua
227 2543 388 2606 mensuris
417 2541 585 2606 breviores
621 2565 694 2608 esse
726 2565 823 2628 quam
852 2545 885 2607 in
908 2545 1088 2608 continenti

99 2654 220 2711 noctes
243 2644 448 2710 videbamus.
494 2645 600 2710 Huius
624 2656 674 2710 est
696 2645 868 2729 longitudo
895 2645 1024 2720 lateris,
1052 2656 1110 2713 ute

99 2749 167 2814 fert
182 2747 313 2820 illorum
329 2750 452 2834 opinio,
479 2751 761 2834 septingentorum
781 2748 918 2815 milium.
941 2751 1109 2816 Tertiume

101 2860 155 2916 est
178 2859 296 2916 eontra
319 2853 576 2936 septentrionem
600 2853 654 2918 eui
676 2854 762 2937 parti
778 2851 869 2916 nulla
888 2861 938 2917 est
955 2851 1088 2917 obieeta

99 2966 206 3037 terra,
231 2953 290 3018 sed
313 2957 384 3020 eius
408 2953 549 3039 angulus
571 2953 685 3021 lateris
716 2957 861 3020 maxime
884 2956 928 3021 ad
951 2954 1087 3021 Germa·

99 3061 191 3125 niam
217 3065 355 3144 spectat.
380 3057 455 3123 Hoc
478 3058 569 3123 milia
584 3081 742 3145 passuum
760 3061 948 3142 octingenta
963 3061 996 3123 in
1018 3058 1088 3123 lon·

100 3162 286 3247 gitudinem
308 3183 380 3226 esse
403 3164 620 3227 existimatur.
645 3163 699 3227 Ita
722 3165 827 3228 omnis
850 3162 958 3227 insula
981 3170 1031 3226 est
1054 3164 1108 3230 inr

99 3267 241 3331 circuitu
264 3266 364 3332 violes
389 3275 520 3332 eentum
544 3267 669 3331 milium
694 3290 862 3352 passuum.

192 3367 240 3433 14.
270 3369 325 3434 Ex
353 3368 403 3436 his
434 3370 585 3436 omnibus
614 3371 712 3455 longe
737 3382 813 3437 sunt
845 3371 1084 3443 humanissimi,

100 3473 156 3558 qui
170 3470 326 3537 Cantium
342 3472 501 3557 inuolunt,
519 3495 604 3559 quae
619 3476 709 3559 regio
728 3484 778 3540 est
789 3476 953 3540 maritima
970 3476 1086 3552 omnis,

98 3595 207 3660 neque
229 3574 366 3641 multum
389 3574 559 3641 aGallioa
582 3576 734 3641 differunt
758 3576 1004 3643 consuetudine.
1033 3576 1107 3646 ln-rr

165 3710 252 3752 Caesar.
266 3709 283 3752 1.
298 3710 319 3752 b.
335 3711 362 3756 G.
914 3701 930 3748 8
