2430 4028
120 233 162 297 64
420 239 470 288 DE
489 237 609 288 BELLO
630 237 789 288 GALLICO

121 445 284 511 occupare
317 427 430 492 conari
468 435 501 491 et
537 449 576 492 ea
609 426 685 492 loca
717 426 876 493 finitimae
908 428 1104 518 provinciae

120 528 299 612 adiungere
324 528 386 594 sibi
408 551 601 615 persuasum
623 529 801 595 habebant.

223 631 254 695 3.
277 632 340 696 His
361 634 485 698 nuntiis
501 636 649 719 acceptis
660 631 780 716 Galba,
804 655 880 698 cum
895 655 1001 720 neque
1017 657 1104 722 opus

120 734 330 801 hibernorum
358 737 621 823 munitionesque
654 735 750 823 plene
786 746 897 804 essent
922 738 1103 825 perfectae,

120 861 226 924 neque
251 839 290 904 de
313 841 475 906 frumento
499 840 690 926 reliquoque
706 849 894 906 commeatu
909 843 991 907 satis
1013 853 1104 908 esset

121 944 305 1027 provisum,
341 945 429 1030 quod
463 943 628 1010 deditione
661 944 752 1010 facta
782 942 1019 1030 obsidibusque
1049 968 1105 1011 ac·

122 1049 227 1132 ceptis
249 1047 330 1113 nihil
353 1048 394 1114 de
416 1047 503 1113 bello
527 1046 707 1113 timendum
736 1049 1002 1131 existimaverat,
1026 1070 1104 1115 con-

123 1151 195 1217 silio
218 1151 366 1217 celeriter
389 1162 571 1217 convocato
596 1151 775 1217 sententies
790 1153 962 1236 exquirere
978 1154 1101 1239 coepit.

100 1255 196 1337 sQuo
231 1259 265 1321 in
298 1255 453 1338 consili0,
492 1278 568 1322 cum
600 1265 729 1321 tantum
766 1257 928 1341 repentini
962 1257 1103 1342 periculi

121 1370 252 1445 praeter
271 1360 457 1444 opinionem
474 1360 658 1436 accidisset,
682 1352 721 1423 ac
743 1358 810 1424 iam
826 1361 937 1424 omnia
958 1359 1029 1425 fere
1053 1382 1105 1426 sn·

121 1465 251 1550 periore
274 1462 351 1529 loca
372 1462 578 1529 multitudine
609 1473 808 1528 armatorum
835 1462 1001 1550 completa
1024 1485 1105 1529 con·

123 1569 334 1652 spicerentur,
360 1588 464 1652 neque
488 1566 634 1632 subsidio
651 1568 755 1631 veniri
775 1588 882 1652 neque
897 1576 1105 1632 commeatus

100 1673 308 1756 ssupportari
331 1670 516 1736 interclusis
538 1669 710 1735 itineribus
733 1676 883 1756 possent,
906 1690 1014 1756 prope
1037 1672 1105 1736 iam

122 1775 295 1862 desperate
319 1774 424 1840 salute
448 1774 628 1839 nonnullae
645 1773 833 1839 huiusmodi
851 1774 1035 1838 sententiae
1058 1773 1106 1838 di-

122 1879 297 1959 cebantur,
332 1889 369 1943 ut
403 1877 644 1964 impedimentis
673 1877 796 1943 relictis
819 1878 991 1962 eruptione
1013 1875 1108 1943 facta

120 1983 238 2048 iisdem
253 1980 435 2064 itineribus,
460 1981 577 2066 quibus
594 2003 632 2047 eo
648 1982 885 2064 pervenissent,
902 1979 946 2046 ad
963 1978 1106 2046 salutem

98 2086 368 2152 tcontenderent.
392 2084 510 2149 Maiori
533 2094 645 2148 tamen
662 2085 749 2169 parti
763 2082 900 2170 placuit,
910 2081 981 2147 -hoc
1004 2106 1108 2150 reser

121 2200 198 2255 vato
222 2189 266 2254 ad
288 2197 472 2254 extremum
496 2185 634 2253 consilio
656 2187 785 2251 interim
807 2187 855 2250 rei
870 2193 1025 2251 eventum
1051 2209 1108 2252 ex·

121 2295 220 2379 periri
244 2303 277 2358 et
298 2301 409 2357 castra
432 2289 617 2356 defendere.

207 2397 238 2459 4.
261 2398 361 2461 Brevi
376 2396 483 2480 spatio
499 2396 682 2475 interiectu,
706 2395 764 2458 vix
780 2400 817 2457 ut
830 2394 871 2458 iis
890 2391 999 2472 rebus,
1022 2414 1109 2480 quas

123 2502 378 2578 constituissent,
395 2497 600 2563 collocandis
616 2507 714 2583 atque
734 2494 1004 2562 administrandis
1025 2503 1110 2562 tem·

122 2626 184 2689 pus
208 2603 349 2677 deretur,
372 2603 484 2667 hostes
500 2624 543 2666 ex
561 2599 711 2667 omnibus
733 2598 882 2684 partibus
907 2600 1001 2682 signo
1025 2597 1109 2666 dato

124 2707 309 2786 decurrere,
347 2703 475 2790 lapides
508 2725 675 2788 gaesaque
711 2704 744 2766 in
781 2700 905 2766 sallum
941 2703 1109 2770 conicere.

102 2810 235 2875 sNostri
250 2810 357 2895 primo
369 2809 505 2892 integris
518 2805 643 2871 viribus
659 2805 789 2871 fortiter
802 2825 988 2892 repugnare
999 2827 1111 2893 neque

123 2912 226 2978 ullum
253 2913 375 2978 frustra
403 2911 504 2977 telum
532 2933 575 2975 ex
603 2910 677 2975 loco
702 2911 869 2995 superiore
891 2908 1039 2985 mittere,
1071 2918 1111 2976 ut

125 3038 275 3102 quaeque
292 3038 371 3102 pars
395 3023 581 3080 castrorum
603 3012 729 3078 nudata
752 3010 979 3078 defensoribus
1001 3013 1111 3097 premi

102 3119 308 3196 svidebatur,
332 3141 370 3183 eo
394 3139 567 3185 occurrere
589 3124 622 3180 et
644 3114 806 3181 auxilium
826 3114 929 3197 ferre;
957 3111 1019 3179 sed
1040 3113 1109 3182 hoc

125 3225 286 3309 superari,
322 3221 411 3308 quod
440 3219 652 3286 diuturnitate
681 3239 813 3304 pugnae
845 3217 957 3283 hostes
984 3215 1110 3286 defessi

123 3325 247 3411 proelio
263 3322 478 3403 excedebant,
493 3321 548 3387 alii
568 3322 704 3405 integris
719 3319 843 3386 viribus
860 3319 1107 3407 succedebant3

124 3451 262 3515 quarum
295 3451 403 3494 rernm
437 3452 458 3492 a
490 3428 611 3494 nostris
645 3436 781 3513 propter
808 3426 1009 3510 paucitatem
1034 3426 1109 3494 fieri

123 3530 202 3596 nihil
225 3539 365 3616 poterat,
390 3551 429 3594 ac
452 3552 518 3594 non
540 3529 638 3595 modo
663 3528 791 3614 defesso
814 3550 857 3594 ex
879 3548 993 3614 pugna
1008 3551 1111 3596 exce·
