2430 4028
391 239 501 290 nrnnn
519 239 583 304 1111,
603 206 680 290 cnr.
700 238 810 290 m-se.
1045 237 1089 303 95

103 450 262 513 magnum
294 431 334 493 iis
364 450 536 494 numerum
570 427 722 493 obsidum
748 430 899 514 imperat.
958 428 1087 509 Quibus

105 531 260 598 adductis
295 554 351 597 eos
383 535 416 597 iu
450 532 548 597 fidem
581 533 717 616 recepit.
772 530 922 596 Navibus
956 532 1109 599 circiterr

104 653 204 701 cxxx
222 636 379 701 onerariis
396 636 521 701 coactis
544 637 795 721 constratisque,
812 643 892 720 quot
915 635 997 699 satis
1014 657 1087 700 esse

104 738 149 803 ad
173 740 256 804 duas
278 738 553 824 transportandas
575 737 722 823 legiones
746 736 968 821 existimabat,
998 738 1087 822 quod

104 851 279 928 praeterea
301 844 437 908 navium
459 842 632 927 longarum
653 840 814 924 habebat,
842 844 1019 927 quaestori,
1043 841 1087 906 le-

104 947 193 1031 gatis
216 947 458 1033 praefectisque
475 946 651 1012 distribuit.
675 946 751 1010 Huc
770 944 975 1011 accedebant
997 964 1110 1010 xvl114

105 1051 277 1115 onerariae
300 1072 419 1133 naves,
455 1072 538 1135 quae
562 1072 666 1115 exeo
690 1049 764 1114 loco
789 1049 831 1114 ab
855 1047 988 1113 milibus
1011 1072 1088 1135 pas·

107 1174 204 1218 suum
228 1161 303 1218 octo
326 1161 424 1218 vento
448 1152 655 1237 tenebantur,
680 1154 868 1238 quominus
891 1155 924 1216 iu
948 1152 1088 1219 eundem

102 1266 236 1343 portum
269 1259 381 1322 venire
417 1266 568 1343 possent:
607 1257 667 1321 has
704 1255 868 1342 equitibus
907 1255 1085 1321 distribuit.

102 1360 279 1448 Reliquum
302 1362 484 1426 exercitum
499 1359 623 1441 Quinto
639 1360 766 1424 Titurio
784 1359 908 1425 Sabino
932 1369 964 1424 et
980 1361 1111 1425 Lucios

104 1464 331 1529 Aurunculeio
361 1462 479 1529 Cottae
509 1464 626 1548 legatis
655 1465 689 1528 in
718 1463 893 1548 Menapios
926 1472 1025 1549 atque
1055 1465 1089 1528 in

103 1590 163 1633 eos
198 1589 303 1653 pagos
337 1567 555 1650 Morinorum,
591 1566 633 1631 ab
660 1565 778 1651 quibus
812 1566 856 1631 ad
885 1589 958 1631 eum
987 1566 1090 1650 legati

103 1692 172 1734 non
196 1679 364 1753 venerant,
388 1670 575 1735 ducendum
599 1669 703 1752 dedit,
734 1668 884 1735 Publium
907 1669 1111 1755 Sulpiciume

103 1773 228 1838 Rufum
251 1773 395 1858 legatum
418 1796 493 1838 cum
516 1796 554 1839 eo
579 1772 761 1858 praesidio,
792 1772 880 1859 quod
908 1775 987 1838 satis
1018 1796 1090 1839 esse

104 1875 342 1955 arbitrabatur,
366 1887 498 1962 portum
520 1886 632 1942 tenere
655 1876 760 1942 iussit.

193 1978 245 2042 23.
274 1979 337 2045 His
367 1982 555 2046 constitutis
588 1980 687 2046 rebus
716 1989 833 2045 nactus
862 1981 1017 2047 idoneam
1045 1982 1090 2047 ad

104 2082 329 2166 navigandum
358 2093 588 2170 tempestatem
616 2087 714 2149 tertia
747 2084 815 2149 fere
843 2085 957 2169 vigilia
990 2084 1090 2150 solvit

105 2187 298 2274 equitesque
325 2187 359 2250 in
381 2186 570 2254 ulteriorem
593 2197 723 2273 portum
748 2189 903 2274 progredi
933 2198 966 2254 et
988 2211 1089 2255 naves

106 2288 331 2356 conscendere
354 2300 386 2355 et
410 2315 444 2356 se
468 2294 559 2378 sequi
583 2293 686 2356 iussit.
709 2290 875 2377 Aquibus
899 2314 975 2358 cum
989 2293 1111 2379 paulos

104 2393 233 2459 tardius
257 2403 344 2459 esset
367 2395 641 2479 administratum,
671 2395 743 2480 ipse
767 2395 848 2462 hora
871 2394 1003 2462 circiter
1025 2397 1089 2462 diei

106 2505 224 2582 quarta
239 2517 314 2562 cum
336 2498 450 2584 primis
472 2497 613 2564 navibus
629 2499 833 2564 Britanniam
856 2500 965 2582 attigit
991 2509 1090 2586 atque

105 2599 151 2663 ibi
187 2602 220 2665 in
256 2599 407 2666 omnibus
435 2600 575 2667 collibus
598 2602 768 2687 expositas
797 2602 941 2668 hostium
974 2605 1090 2688 copias

107 2710 254 2768 armatas
287 2706 470 2789 conspexit.
511 2703 613 2770 Cuius
647 2704 712 2771 loci
746 2706 828 2770 haec
859 2715 930 2771 erat
962 2715 1112 2789 naturas

107 2816 207 2892 atque
229 2808 276 2872 ita
298 2806 465 2872 montibus
488 2817 626 2893 anguste
655 2830 745 2873 mare
776 2808 1016 2891 continebatur,
1043 2811 1090 2874 uti

107 2934 149 2975 ex
172 2911 257 2976 locis
280 2911 504 2996 superioribus
536 2915 570 2977 in
605 2911 682 2976 litus
711 2910 813 2975 telum
842 2912 932 2996 adigi
966 2922 1090 2998 posset.

107 3015 206 3079 Hunc
230 3015 274 3080 ad
296 3014 529 3099 egrediendum
556 3036 765 3101 nequaquam
793 3015 945 3081 idoneum
981 3016 1113 3080 locumc
1211 3044 1213 3048 ⁴

107 3117 298 3201 arbitratus,
324 3117 402 3182 dum
423 3117 569 3204 reliquae
591 3140 694 3182 naves
719 3140 757 3182 eo
782 3120 1012 3200 convenirent,
1047 3118 1091 3183 ad

107 3219 224 3285 horam
238 3242 360 3286 nonam
383 3223 417 3285 in
433 3223 564 3287 ancoris
580 3222 797 3307 exspectavit.
822 3221 956 3286 Interim
972 3221 1112 3306 legatiss

107 3322 314 3409 tribunisque
331 3324 469 3390 militum
492 3325 686 3391 convocatis
709 3333 742 3389 et
758 3345 841 3410 quae
864 3346 908 3389 ex
923 3322 1089 3388 Voluseno

107 3437 300 3514 cognosset,
335 3437 368 3493 ct
391 3449 475 3514 quae
495 3429 568 3494 fieri
589 3428 700 3510 vellet,
726 3427 869 3493 ostendit
890 3431 1089 3515 monuitque,

105 3542 143 3598 ut
171 3533 218 3599 rei
252 3530 403 3598 militaris
437 3533 538 3616 ratio,
573 3532 717 3597 maxime
749 3539 786 3596 ut
821 3530 1003 3597 maritimae
1036 3554 1089 3597 res
