2430 4028
396 257 507 310 nmnu
525 257 597 322 vm,
616 259 693 310 cnr.
713 259 822 314 rr-ao.
1034 258 1097 322 243

117 450 234 535 docui,
268 451 449 537 turmisque
475 458 663 517 nostrorum
692 453 877 536 interpositi
908 460 1098 516 constanter

116 555 332 640 proeliantur.
361 556 529 640 Pugnatur
551 555 752 641 aliquamdiu
774 556 846 641 pari
870 555 1118 641 contentionem

117 657 246 741 deinde,
268 669 305 723 ut
326 660 411 723 ratio
435 658 626 743 postulabat
641 657 768 745 proelii,
796 659 851 745 qui
875 660 1097 725 sustinuerant

115 764 240 847 primos
255 764 397 847 impetus
412 760 617 844 insidiarum,
632 760 696 826 hoc
712 763 784 848 ipso
801 761 883 826 liunt
899 763 1094 848 superiores,

116 865 206 952 quod
235 864 359 930 nullum
388 865 429 929 ab
451 863 684 930 insidiantibus
714 865 937 950 imprudentes
960 889 1095 953 accepe-

116 978 194 1034 rant
206 969 444 1034 detrimentum.
461 968 633 1034 Accedunt
645 971 780 1054 propius
791 970 923 1035 interim
937 970 1116 1055 legiones,r

115 1072 288 1158 crebrique
302 1071 417 1138 eodem
429 1081 578 1159 tempore
595 1080 627 1137 et
638 1074 760 1138 nostris
776 1082 809 1138 et
824 1072 973 1139 hostibus
989 1077 1093 1140 nuntii

113 1177 304 1259 afferuntur,
320 1178 552 1262 imperatorem
567 1176 735 1242 instructis
747 1179 853 1262 copiis
869 1177 994 1243 adesse.
1019 1178 1116 1260 Quas

112 1303 149 1346 re
166 1281 302 1365 cognita
317 1279 483 1366 praesidio
497 1280 680 1346 cohortium
692 1280 807 1348 confisi
819 1284 923 1347 nostri
935 1283 1094 1347 acerrime

112 1383 326 1471 proeliantur,
351 1407 402 1467 ne,
426 1385 454 1449 si
475 1384 601 1450 tardius
624 1407 694 1450 rem
716 1386 912 1468 gessissent,
935 1386 1093 1451 victoriae

111 1487 253 1572 gloriam
281 1488 541 1553 communicasse
571 1510 646 1553 cum
674 1488 859 1573 legionibus
889 1488 1092 1571 viderentur3

112 1592 227 1657 hostes
258 1590 436 1657 concidunt
464 1593 582 1657 animis
615 1601 713 1678 atque
745 1591 917 1658 itineribus
953 1592 1092 1658 diversis

112 1695 227 1781 fugam
250 1704 419 1781 quaerunt.
464 1695 689 1782 Nequiquam:
711 1716 789 1760 nam
812 1696 930 1782 quibus
955 1696 1114 1762 difficule

112 1797 239 1863 tatibus
271 1797 419 1863 locorum
442 1799 608 1863 Romanos
646 1798 800 1864 claudere
828 1799 1016 1880 voluerant,
1050 1803 1091 1866 iis

112 1902 178 1988 ipsi
216 1901 421 1967 tenebantur.
466 1903 555 1967 Victi
577 1911 686 1967 tamen
716 1901 931 1988 perculsique,
967 1907 1113 1971 maiorer

111 2013 208 2091 parte
242 2006 366 2070 amissa
400 2008 600 2070 consternati
629 2005 821 2091 profugiunt
849 2008 969 2090 partim
999 2008 1090 2074 silvis

114 2109 245 2193 petitis,
269 2110 390 2194 partim
405 2108 537 2174 flumine
561 2110 630 2195 (qui
647 2118 757 2174 tamen
779 2110 813 2173 in
828 2109 908 2193 suga
929 2131 949 2174 a
971 2114 1105 2178 nostris

111 2214 234 2278 acriter
248 2213 496 2299 insequentibus
512 2213 755 2298 conficiuntur),
772 2235 847 2278 cum
858 2216 988 2280 interim
1000 2215 1112 2281 nullas

110 2316 300 2382 calamitate
322 2319 429 2381 victus
447 2315 588 2383 Correus
604 2317 764 2384 excedere
783 2318 906 2404 proelio
924 2318 1090 2407 silvasque

109 2430 223 2507 petere
247 2432 304 2487 aut
325 2422 539 2488 invitantibus
555 2423 678 2488 nostris
701 2422 744 2487 ad
764 2423 961 2489 deditionem
984 2426 1091 2510 potuit

111 2523 250 2607 adduci,
285 2528 363 2610 quin
398 2525 573 2591 fortissime
610 2525 803 2611 proeliando
841 2527 1090 2613 compluresque

109 2628 314 2694 vulnerando
346 2639 478 2712 cogeret
506 2629 611 2694 elatos
634 2629 807 2696 iracundia
832 2631 974 2696 victores
997 2632 1030 2695 in
1054 2654 1089 2696 se

109 2731 179 2796 tela
202 2733 361 2797 conicere.

196 2832 248 2898 20.
272 2834 345 2900 Tali
361 2836 460 2901 modo
483 2859 518 2901 re
541 2846 635 2921 gesta
650 2838 837 2904 recentibus
853 2837 968 2924 proelii
990 2840 1088 2903 vesti·

107 2939 170 3021 giis
199 2938 366 3020 ingressus
390 2936 528 3022 Caesar,
556 2961 631 3006 cum
653 2943 759 3006 victos
782 2951 875 3008 tanta
898 2941 1087 3008 calamitate

107 3041 312 3106 existimaret
334 3040 445 3108 hostes
468 3044 581 3108 nuntio
612 3055 748 3130 accepto
772 3045 882 3111 locum
903 3055 1087 3113 castrorum

105 3141 291 3226 relicturos,
323 3166 407 3230 quae
436 3166 503 3209 non
524 3145 654 3230 longius
684 3146 726 3212 ab
762 3169 800 3213 ea
834 3147 936 3214 caede
970 3148 1087 3215 abesse

105 3246 181 3332 plus
204 3248 312 3311 minus
335 3265 400 3312 vni
423 3247 554 3313 milibus
577 3248 783 3332 dicebantur,
806 3254 939 3317 tametsi
953 3251 1086 3319 flumine

104 3348 298 3436 impeditum
325 3352 498 3416 transitum
524 3352 675 3435 videbat,
705 3362 815 3420 tamen
844 3357 992 3421 exercitu
1020 3364 1086 3420 tra·

105 3453 208 3518 ducto
224 3453 443 3538 progreditur.
462 3454 509 3520 At
523 3455 693 3522 Bellovaci
708 3456 919 3545 reliquaeque
933 3460 1107 3529 civitatesr

102 3565 239 3644 repente
255 3579 298 3621 ex
320 3558 400 3642 fuga
416 3562 531 3644 paucis
555 3569 655 3647 atque
670 3559 721 3627 his
737 3562 917 3630 vulneratis
932 3564 1086 3652 receptis,

876 3682 932 3737 16*
