2430 4028
354 256 466 309 ursas
483 255 557 322 vm,
577 258 653 310 car.
672 259 748 310 o-s.
980 256 1044 322 235

60 447 212 532 piandos,
250 447 434 534 exquibus
467 448 612 514 hostium
645 448 786 513 consilia
820 456 1042 532 cognosceret.

59 551 199 636 Equites
224 550 333 616 officio
355 552 459 615 functi
474 553 663 618 renuntiant
678 573 804 637 paucos
827 554 860 616 in
884 550 1067 616 aedificiise

60 675 134 718 esse
156 656 323 736 inventos,
358 664 456 739 atque
479 653 556 732 hos,
585 677 651 720 non
680 656 735 741 qui
758 676 913 740 agrorum
936 652 1043 719 colen·

60 755 178 822 dorum
212 780 313 824 causa
346 759 581 824 remansissent
615 759 769 845 (namque
799 781 871 823 esse
899 757 1045 844 undique

61 858 237 945 diligenter
270 861 520 945 demigratum),
555 861 613 926 sed
637 861 692 946 qui
723 859 913 945 speculandi
943 883 1045 926 causa

10 971 12 987 ⁵
59 973 173 1028 essent
194 965 330 1030 remissi.
355 965 385 1029 A
402 965 519 1051 quibus
537 986 610 1029 cum
628 973 800 1050 quaereret
822 964 956 1047 Caesar,
981 987 1068 1051 quos

59 1068 136 1134 loco
173 1068 346 1134 multitudo
385 1078 472 1134 esset
505 1068 759 1133 Bellovacorum
794 1069 923 1154 quodve
960 1077 1047 1133 esset

59 1170 236 1237 consilium
259 1194 382 1255 eorum,
405 1171 611 1237 inveniebat:
634 1170 831 1237 Bellovacos
850 1194 971 1245 omnes,
992 1172 1069 1256 quir

59 1299 157 1343 arma
189 1277 275 1341 serre
308 1286 464 1361 possent,
498 1277 529 1340 in
567 1297 665 1340 unum
699 1275 807 1340 locum
842 1276 1045 1356 convenisse,

59 1383 206 1465 itemque
229 1378 424 1463 Ambianos,
448 1378 625 1460 Aulercos,
651 1376 803 1455 Caletos,
827 1377 1046 1459 Veliocasses,

61 1481 391 1565 Atrebatas3100um
414 1485 530 1549 castris
555 1480 722 1547 excelsum
746 1484 779 1547 in
804 1481 888 1546 silva
911 1483 1047 1546 circum·

60 1587 143 1652 data
166 1585 286 1672 palude
311 1585 488 1670 delegisse,
523 1585 757 1670 impedimenta
781 1587 889 1650 omnia
912 1586 946 1649 in
969 1582 1048 1649 ulte-

59 1693 167 1756 riores
195 1689 295 1754 silras
327 1691 515 1756 contulisse.
562 1687 756 1773 Complures
786 1711 857 1754 esse
880 1687 1048 1773 principes

60 1793 141 1860 belli
167 1803 330 1877 auctores,
354 1795 411 1860 sed
427 1795 669 1861 multitudinem
685 1796 829 1859 maxime
846 1793 968 1858 Correo
993 1792 1048 1857 ob·

63 1906 261 1984 temperare,
287 1900 376 1984 quod
399 1902 427 1963 ei
453 1921 578 1964 summo
602 1921 675 1964 esse
700 1899 774 1963 odio
798 1919 917 1962 nomen
936 1897 1050 1983 populi

60 2001 203 2066 Romani
228 2002 475 2068 intellexissent.
521 2003 639 2068 Paucis
669 2012 745 2067 ante
776 2001 891 2066 diebus
926 2024 969 2066 ex
998 2001 1072 2073 his5

64 2105 185 2171 castris
209 2104 400 2171 Atrebatem
425 2105 609 2171 Commium
628 2105 822 2170 discessisse
851 2105 895 2169 ad
925 2103 1049 2169 auxilia

62 2207 307 2274 Germanorum
331 2209 541 2292 adducenda3
572 2230 709 2294 quorum
737 2217 770 2273 et
800 2209 947 2272 vicinitas
976 2229 1049 2293 pro·

62 2315 192 2398 pinqua
208 2320 240 2376 et
254 2311 429 2377 multitudo
446 2321 533 2377 esset
548 2311 684 2377 infinita.
706 2310 924 2376 Constituisse
941 2320 1072 2381 autema

61 2415 263 2482 Bellovacos
299 2418 441 2481 omnium
476 2418 661 2501 principum
699 2437 883 2497 consensu,
923 2437 1050 2480 summa

60 2518 172 2606 plebis
206 2519 408 2605 cupiditate,
442 2522 493 2598 si,
527 2529 563 2584 ut
597 2520 778 2601 diceretur,
817 2517 942 2583 Caesar
976 2539 1049 2582 cum

61 2622 172 2689 tribus
194 2621 378 2706 legionibus
401 2625 537 2706 veniret,
561 2623 676 2688 offerre
699 2645 734 2686 se
758 2620 801 2685 ad
818 2620 1049 2703 dimicandum,

61 2749 102 2792 ne
118 2727 289 2791 miseriore
313 2749 352 2792 ac
376 2727 506 2792 duriore
528 2736 646 2813 postea
666 2724 862 2790 condicione
885 2745 960 2789 cum
980 2733 1048 2788 toto

62 2832 215 2896 exercitu
249 2828 418 2896 decertare
452 2840 663 2914 cogerentur,
700 2831 729 2894 si
757 2830 899 2894 maiores
935 2830 1072 2914 copiasr

61 2933 256 3017 adduceret,
279 2936 312 2999 in
337 2956 376 2999 eo
399 2934 474 2999 loco
498 2955 703 3020 permanere,
729 2954 824 3018 quem
841 2930 1050 3014 delegissent,

63 3037 281 3124 pabulatione
303 3048 424 3119 autem,
456 3061 540 3127 quae
563 3048 698 3125 propter
723 3039 799 3102 anni
822 3044 951 3121 tempus
976 3057 1050 3100 cum
1079 3032 1081 3037 ’

64 3145 281 3226 exiguarum
305 3143 444 3208 disiecta
467 3152 570 3225 esset,
601 3151 633 3206 et
662 3141 916 3206 frumentatione
945 3149 977 3204 et
1006 3161 1053 3202 re-

64 3245 155 3333 liquo
180 3256 365 3311 commeatu
388 3269 431 3311 ex
454 3245 581 3310 insidiis
604 3244 779 3331 prohibere
802 3244 979 3308 Romanos.

154 3347 186 3414 8.
212 3347 306 3429 Quae
330 3346 455 3414 Caesar
488 3349 769 3413 consentientibus
801 3345 950 3431 pluribus
976 3367 1051 3410 cum

68 3460 251 3539 cognosset
280 3461 379 3539 atque
402 3475 456 3536 ea,
488 3475 571 3539 quae
602 3459 879 3539 proponerentur,
914 3448 1054 3515 consilia

65 3558 168 3644 plena
184 3555 378 3643 prudentiae
398 3556 559 3641 longeque
582 3578 603 3620 a
625 3557 812 3621 temeritate
834 3554 1052 3621 barbarorum
