2430 4028
130 264 191 331 172
437 265 624 318 nanneno
645 263 804 320 caturco

128 457 319 540 priusquam
354 477 465 519 eorum
506 454 714 520 clandestina
749 455 886 521 consilia
923 457 1108 538 efferantur,

105 566 166 625 rut
189 557 313 624 Caesar
335 558 377 623 ab
402 561 549 624 exercitu
571 559 817 625 intercludatur.
846 559 885 625 Id
906 583 981 626 esse
1003 561 1108 641 facile,

127 662 215 748 quod
249 685 354 750 neque
387 663 532 748 legiones
566 662 709 728 audeant
741 663 878 731 absente
911 665 1109 751 imperatore

128 789 170 830 ex
193 767 336 831 hibernis
367 768 488 851 egredi,
519 789 624 854 neque
647 770 827 852 imperator
850 770 920 835 sine
943 770 1108 854 praesidio

104 869 174 935 aad
206 869 352 955 legiones
386 874 557 958 pervenire
589 875 705 957 possit.
761 873 932 937 Postremo
967 874 1000 936 in
1041 875 1109 939 acie

126 983 294 1058 praestare
328 975 486 1056 interfici,
521 996 618 1058 quam
652 997 718 1040 uon
752 985 896 1040 veterem
931 974 1011 1040 belli
1046 976 1107 1062 glo·

125 1078 207 1141 riam
239 1076 498 1164 libertatemque,
522 1099 620 1164 quam
649 1101 669 1142 a
697 1072 878 1145 maioribus
911 1082 1107 1166 acceperint,

125 1201 328 1265 recuperare.

210 1282 241 1347 2.
275 1284 336 1349 His
365 1284 462 1350 rebus
492 1287 623 1368 agitatis
653 1286 848 1370 profitentur
876 1282 1042 1351 Carnutes
1076 1308 1106 1352 se

125 1386 250 1453 nullum
267 1387 448 1474 periculum
471 1390 653 1453 communia
678 1388 794 1454 salutis
818 1410 920 1454 causa
943 1409 1106 1471 recusare,

126 1493 357 1577 principesque
396 1515 437 1556 ex
477 1490 627 1557 omnibus
665 1490 788 1556 bellum
826 1492 976 1557 facturos
1015 1493 1104 1578 polli-

103 1603 240 1661 acentur
263 1604 313 1675 et,
343 1598 496 1680 quoniam
520 1597 763 1680 inpraesentia
797 1594 969 1661 obsidibus
992 1617 1105 1662 cavere

126 1699 210 1763 inter
244 1722 279 1763 se
311 1721 377 1764 non
407 1701 550 1784 possint,
583 1722 625 1762 ne
653 1721 705 1763 res
728 1699 896 1778 efferatur,
928 1708 966 1764 ut
993 1701 1106 1766 iureiu-

128 1802 232 1866 rando
257 1823 296 1866 ac
318 1802 384 1867 fide
407 1805 586 1885 sanciatur,
610 1812 736 1887 petunt,
759 1803 888 1870 collatis
910 1802 1105 1870 militaribus

126 1906 239 1988 signia,
264 1927 328 1991 quo
347 1929 438 1972 more
462 1930 573 1973 eorum
589 1909 783 1990 gravissima
805 1908 1011 1974 caerimonia
1034 1928 1105 1973 con·

125 2010 255 2088 tinetur,
279 2032 320 2073 ne
343 2011 431 2075 facto
455 2011 546 2075 initio
570 2009 646 2074 belli
678 2009 721 2075 ab
745 2010 880 2097 reliquis
905 2010 1104 2076 deserantur.

103 2110 209 2176 aTum
243 2111 442 2177 collaudatis
474 2111 673 2178 Carnutibus
708 2114 786 2181 dato
821 2113 1033 2180 iureiurando
1067 2112 1103 2179 ab

128 2213 296 2290 omnibus,
332 2217 386 2301 qui
410 2216 559 2300 aderant,
583 2225 731 2301 tempore
761 2219 829 2283 eius
857 2219 906 2283 rei
928 2220 1103 2284 constituto

125 2314 333 2401 aeroncilio
358 2318 548 2385 disceditur.

211 2421 240 2484 3.
265 2421 331 2487 Ubi
348 2445 387 2486 ea
404 2422 473 2488 dies
497 2425 595 2503 venit,
613 2421 774 2489 Carnutes
792 2420 957 2489 Gntrnato
974 2432 1009 2489 et
1026 2422 1102 2489 Con·

125 2525 388 2591 connetodumno
405 2524 556 2609 ducibus,
575 2525 757 2611 desperatis
781 2525 980 2611 hominibus,
1002 2525 1104 2593 Gena-

124 2628 202 2694 bum
219 2631 311 2712 signo
326 2629 403 2694 dato
417 2639 615 2694 concurrunt
628 2629 972 2715 civesqueRomanos,
985 2633 1043 2718 qui
1056 2650 1104 2696 ne

125 2732 272 2815 gotiandi
289 2755 391 2797 eausa
413 2733 458 2797 ibi
483 2735 710 2815 constiterant,
727 2737 759 2799 in
775 2733 826 2797 bis
843 2731 964 2798 Gaium
982 2732 1104 2799 Fufium
1144 2726 1146 2731 ’

125 2833 244 2916 Citam,
269 2834 441 2901 honestum
458 2839 600 2923 equitem
615 2837 810 2919 Romanum,
828 2836 883 2920 qui
904 2839 955 2902 rei
969 2836 1104 2903 frumen
1143 2850 1146 2917 j

125 2942 229 3003 toriae
253 2941 344 3004 iussu
367 2938 518 3005 Caesaris
542 2949 702 3024 praeerat,
737 2938 937 3006 interficiunt
958 2939 1104 3027 bonaque
1143 3002 1146 3033 1

103 3064 240 3111 reorum
269 3042 435 3128 diripiunt.
466 3041 623 3107 Celeriter
653 3043 696 3108 ad
727 3064 839 3107 omnes
866 3039 1001 3110 Galliae
1033 3044 1105 3109 eivi-
1144 3112 1146 3125 ¹

125 3157 211 3211 tates
235 3148 324 3212 fama
346 3147 516 3232 perfertur.
552 3148 637 3211 Nam
661 3145 859 3234 ubicumque
880 3145 989 3212 maior
1011 3154 1105 3232 atque

125 3250 279 3315 illustrior
303 3250 417 3314 incidit
439 3273 501 3332 res,
527 3249 671 3315 clamore
686 3274 746 3337 per
769 3271 868 3334 agros
890 3250 1105 3337 regionesque

124 3353 328 3438 significant3
352 3353 438 3419 bunc
454 3356 511 3420 alii
527 3354 682 3441 deinceps
706 3357 876 3441 exeipiunt
898 3362 933 3420 et
947 3352 1105 3440 proximis
1144 3342 1146 3347 ¹

101 3457 271 3541 atradunt,
303 3468 338 3523 ut
367 3469 437 3524 tum
461 3459 592 3525 accidit.
616 3459 700 3525 Nam
724 3481 808 3545 quae
832 3455 961 3523 Cenabi
986 3459 1105 3523 oriente

123 3560 193 3625 sole
216 3570 309 3644 gesta
333 3571 451 3645 essent,
482 3571 558 3626 ante
581 3562 720 3648 primam
753 3560 938 3625 confectam
960 3559 1102 3645 vigiliam
