2430 4028
136 268 176 333 63
439 272 488 320 uu
508 272 626 321 sunno
647 272 805 322 onnnrco

114 482 175 524 sac
198 463 263 526 iam
287 469 322 524 ut
344 460 454 524 omnia
470 469 585 524 eontra
608 462 760 545 opionem
779 461 977 539 acciderent,
1001 472 1116 527 tamen

136 587 171 628 se
194 585 292 649 quam
316 563 490 648 plurimum
513 563 653 629 navibus
677 586 792 649 posse,
815 565 983 630 Romanos
1006 588 1116 652 neque

135 666 235 733 ullam
264 666 456 732 facultatem
484 666 605 732 habere
635 669 768 733 navium
795 691 901 754 neque
930 691 1046 734 eorum
1070 671 1115 735 lo·

136 794 259 849 corum,
282 772 339 836 ubi
361 771 483 837 bellum
505 774 628 855 gesturi
652 782 771 856 esseut,
796 773 894 850 vada,
919 782 1044 858 portus,
1068 775 1115 839 in·

113 874 225 945 ssulas
248 877 395 956 novisse3
419 897 459 939 ac
481 874 579 959 longe
602 875 701 940 aliam
717 898 790 940 esse
811 878 1059 960 navigationem
1082 878 1115 941 in

135 979 291 1044 concluso
308 982 390 1043 mari
414 990 513 1064 atque
529 981 562 1043 in
584 982 772 1044 vastissimo
789 988 888 1066 atque
903 981 1115 1066 apertissimo

111 1081 269 1150 aOeeano
299 1083 553 1168 perspiciebant.
587 1085 649 1149 His
684 1085 773 1148 initis
807 1084 954 1149 consiliis
989 1085 1115 1170 oppida

134 1188 300 1265 muniunt,
324 1187 488 1250 frumenta
511 1209 553 1250 ex
576 1188 664 1271 agris
687 1189 720 1251 iu
744 1187 866 1272 oppida
892 1197 1115 1273 comportant,

112 1312 237 1358 orrares
272 1291 305 1353 in
339 1290 528 1370 Venetiam,
562 1289 618 1354 ubi
653 1289 829 1357 Caesarem
862 1291 1005 1376 primum
1040 1314 1116 1357 esse

134 1393 256 1458 bellum
279 1403 445 1478 gesturum
462 1394 648 1473 constabat,
672 1416 770 1479 quam
788 1394 945 1478 plurimas
962 1406 1115 1480 possunt,

101 1528 126 1567 10
136 1507 267 1580 cogunt.
292 1496 409 1562 Socios
425 1497 489 1563 sibi
511 1498 555 1562 ad
570 1496 605 1561 id
619 1497 740 1562 bellum
757 1497 916 1576 osismos,
932 1498 1115 1575 Lexovios,

134 1601 321 1679 Namnetes,
346 1599 553 1679 Ambiliatos,
578 1601 733 1675 Morinos,
760 1601 971 1675 Diablintres‚
999 1602 1116 1667 Mena·

134 1705 207 1788 pios
231 1703 437 1786 adsciscunt;
460 1703 584 1769 auxilia
608 1727 650 1768 ex
673 1705 854 1788 Britannia,
906 1726 970 1769 uae
997 1715 1116 1770 contra

135 1829 192 1871 cas
215 1809 365 1891 regiones
389 1809 498 1892 posita
521 1815 581 1888 est,
606 1816 785 1871 arcessunt.

222 1908 271 1973 10.
295 1911 400 1974 Erant
422 1910 484 1974 bae
515 1909 725 1975 difficultates
748 1910 826 1975 belli
848 1911 999 1995 gerendi,
1031 1934 1116 1998 quas

136 2036 237 2098 supra
259 2013 471 2091 ostendimus,
497 2013 554 2077 sed
570 2011 672 2077 multa
688 2011 864 2078 Caesarem
886 2023 997 2078 tamen
1021 2015 1069 2081 ad
1083 2015 1118 2080 id

112 2116 257 2184 abollum
279 2116 478 2181 incitabant:
508 2118 645 2182 iniuriae
667 2127 868 2183 retentorum
889 2119 1035 2203 equitum
1051 2119 1117 2185 Ro·

134 2243 321 2303 manorum,
344 2220 479 2285 rebellio
501 2222 592 2285 facta
618 2232 694 2306 post
717 2221 932 2305 deditionem,
969 2222 1117 2288 defectio

135 2324 222 2390 datis
246 2323 426 2405 obsidibus,
450 2335 500 2389 tot
522 2326 691 2390 civitatum
715 2327 915 2406 coniuratio,
942 2327 1117 2411 imprimis,

134 2451 175 2492 ne
198 2427 260 2492 hac
283 2438 378 2511 parte
406 2428 556 2513 neglecta
584 2428 729 2514 reliquae
756 2431 906 2495 nationes
935 2428 1000 2495 sibi
1025 2431 1118 2497 idem

110 2531 232 2602 elicere
255 2533 502 2599 arbitrarentur.
530 2534 646 2618 Itaque
662 2555 737 2597 cum
760 2532 972 2617 intellegeret,
997 2555 1116 2600 omnes

134 2637 202 2699 fere
226 2635 343 2700 Gallos
372 2639 467 2700 novis
489 2635 588 2700 rebus
618 2633 748 2699 studere
771 2646 804 2700 et
826 2635 871 2699 ad
892 2633 1018 2700 bellum
1039 2659 1117 2703 mo·

133 2738 244 2803 biliter
266 2738 479 2825 celeriterque
502 2739 655 2811 excitari,
686 2760 798 2802 omnes
826 2747 936 2803 autem
962 2738 1118 2808 homines

133 2853 254 2908 natura
287 2842 429 2908 libertati
464 2841 594 2907 studere
627 2851 659 2906 et
687 2841 916 2906 condicionem
946 2844 1118 2911 servitutis

135 2946 255 3029 odisse,
278 2947 468 3031 priusquam
483 2944 595 3031 plures
611 2947 762 3009 civitates
778 2947 1017 3031 conspirarent,
1040 2969 1119 3034 par

134 3049 281 3115 tiendum
319 3050 381 3115 sibi
419 3072 458 3113 ac
496 3049 594 3114 latius
633 3047 893 3114 distribuendum
930 3055 1119 3119 exercitum

134 3156 272 3239 putavit.

239 3259 289 3322 ll.
314 3259 428 3343 ltaque
457 3258 567 3321 Titum
589 3256 773 3324 Labienum
803 3258 948 3340 legatum
976 3259 1013 3324 in
1034 3259 1118 3326 Tre·

135 3384 247 3441 veros,
275 3362 329 3447 qui
352 3362 495 3446 proximi
521 3361 647 3426 flumini
670 3360 783 3427 Rheno
808 3371 893 3442 sunt,
920 3382 997 3426 cum
1025 3366 1118 3450 aqui·

114 3476 206 3532 statu
227 3467 337 3532 mittit.
359 3467 446 3532 Huic
462 3464 607 3548 mandat,
626 3466 747 3531 Remos
765 3465 975 3551 reliquosque
990 3464 1118 3553 Belgas

136 3569 234 3634 adeat
257 3579 354 3656 atquo
377 3573 409 3633 in
434 3569 542 3634 officio
567 3571 733 3635 contineat
757 3569 1023 3655 Germanosque,
1060 3575 1117 3659 qni
