2430 4028
404 264 514 314 strena
533 261 592 326 vn,
613 263 688 314 oar.
708 265 783 313 4-a.
1023 261 1084 326 175

191 453 220 518 7.
237 454 371 519 [nterim
388 453 559 518 Lucterius
573 451 742 518 Cadurcus
759 454 792 516 in
805 455 950 518 Rutenos
966 455 1084 518 missus

104 581 180 623 eam
204 558 370 622 civitatem
394 558 551 622 Arvernis
575 556 738 622 conciliat.
756 558 953 640 Progressus
975 559 1008 620 in
1030 558 1107 624 tvi-2

102 659 268 744 tiobriges
298 668 330 724 et
360 659 508 725 Gabalos
544 659 585 723 ab
622 662 767 745 utrisque
802 660 933 724 obsides
964 663 1086 743 accipit

102 775 136 828 et
161 784 282 847 magna
311 773 428 829 coacta
462 787 561 828 manu
595 765 628 827 in
663 765 866 849 provinciam
895 764 1083 828 Narbonem

101 889 218 930 versus
234 867 437 951 eruptionem
453 867 562 930 facere
586 867 763 931 contendit.
788 868 862 945 (lua
885 869 1107 933 renuntiatae

102 970 232 1034 Caesar
255 969 405 1035 omnibus
423 970 569 1034 consiliis
587 972 857 1035 antevertendum
874 972 1085 1049 existimavit,

102 1082 139 1137 ut
162 1072 353 1137 Narbonem
376 1074 646 1159 proficisceretur.
692 1074 742 1138 Eo
767 1096 842 1138 cum
865 1076 1024 1154 venisset,
1049 1076 1108 1138 tir

102 1185 232 1241 mentes
256 1176 444 1259 confirmat,
476 1177 642 1262 praesidia
670 1180 701 1241 in
723 1177 858 1241 Rutenis
881 1176 1086 1260 provinciali-

101 1279 176 1362 bus,
201 1278 315 1344 Volcis
331 1280 546 1354 Arecomicis‚
571 1278 784 1344 Tolosatibus
802 1281 990 1364 circumque
1005 1281 1087 1344 Nar-

101 1383 235 1459 bonem,
253 1406 338 1468 quae
361 1382 436 1448 loca
460 1381 608 1446 hostibus
632 1392 724 1447 erant
739 1383 888 1464 finitima,
906 1385 1109 1464 constituite

103 1496 234 1572 partem
263 1488 432 1569 copiarum
467 1509 508 1549 ex
542 1487 714 1569 provincia
748 1486 1086 1571 supplementumque,

104 1591 193 1675 quod
217 1613 260 1654 ex
283 1589 380 1654 Italia
403 1590 598 1669 adduxerat,
623 1593 655 1653 in
679 1590 827 1668 Helvios,
853 1593 906 1675 qui
932 1592 1013 1655 fines
1032 1591 1089 1654 Ar·
1122 1590 1123 1594 ’

105 1717 282 1760 vernorum
304 1696 507 1776 contingunt,
533 1697 707 1758 convenire
730 1694 830 1758 iubet.

194 1798 224 1862 8.
250 1799 312 1863 His
335 1798 433 1864 rebus
454 1800 655 1883 comparatis
678 1822 827 1883 represso
850 1803 917 1863 iam
932 1800 1087 1864 Lucterio

105 1909 137 1966 et
159 1910 298 1978 remoto,
323 1901 410 1986 quod
433 1904 554 1966 intrare
577 1904 664 1966 intra
688 1902 853 1985 praesidia
870 1903 1089 1986 periculosum

105 2004 257 2090 putabat,
273 2004 306 2068 in
323 2004 460 2069 Helvios
476 2006 704 2090 proficiscitur.
729 2007 802 2069 Etsi
819 2028 911 2069 mons
925 2005 1111 2087 Cevenna,2

107 2111 161 2192 qui
174 2108 341 2173 Arvernos
359 2107 400 2172 ab
415 2106 542 2172 Helviis
568 2108 732 2187 discludit,
755 2108 927 2172 durissimo
945 2120 1090 2193 ternpore

106 2213 185 2276 anni
209 2210 372 2276 altissima
395 2213 468 2274 nive
491 2215 553 2275 iter
576 2211 786 2296 impediebat,
811 2221 920 2275 tamen
941 2213 1090 2277 discussa

106 2317 182 2379 nive
195 2336 254 2378 sex
268 2315 300 2379 in
315 2311 519 2378 altitudinem
531 2314 651 2398 pedum
668 2323 766 2398 atque
782 2316 828 2378 ita
841 2315 902 2379 viis
916 2314 1091 2398 patefactis

107 2439 235 2484 summo
253 2415 391 2481 militum
408 2417 526 2481 sudore
542 2416 585 2480 ad
600 2416 681 2480 fines
697 2417 916 2481 Arvernorum
934 2421 1090 2501 pervenit.

109 2521 242 2603 Quibus
260 2522 426 2606 oppressis
449 2519 706 2603 inopinantibus,
724 2520 811 2604 quod
828 2543 862 2584 se
880 2519 1034 2584 Cevenna
1056 2530 1112 2587 ute

106 2647 200 2689 muro
217 2626 363 2689 munitos
388 2624 634 2702 existimabant,
658 2646 698 2687 ao
720 2646 761 2687 ne
785 2622 940 2708 singulari
961 2625 1091 2709 quidem

107 2749 265 2814 umquam
281 2726 405 2792 homini
429 2750 467 2792 eo
485 2737 630 2811 ternpore
653 2730 731 2792 anni
754 2730 890 2792 semitae
906 2737 1091 2811 patuerant,

108 2831 273 2918 equitibus
289 2832 437 2916 imperat,
451 2841 486 2894 ut
502 2853 599 2914 quam
615 2831 773 2895 latissime
790 2834 918 2915 possint
933 2840 1092 2915 vagentur

108 2947 139 3000 et
155 2956 257 3021 quam
280 2934 459 3000 maximum
476 2933 626 2998 hostibus
649 2944 806 2998 terrorem
829 2937 981 2999 inferant.
1004 2933 1114 2999 Cela-i

107 3040 188 3103 riter
209 3036 293 3103 haec
316 3037 407 3103 fama
431 3060 470 3101 ac
494 3040 616 3104 nuntiis
640 3038 683 3102 ad
695 3038 1000 3122 Vercingetorigem
1022 3061 1093 3123 per-

107 3142 274 3224 feruntnr3
288 3163 383 3226 quem
395 3143 558 3224 perterriti
575 3160 686 3205 ornnes
697 3141 835 3205 Arverni
849 3144 1093 3206 circumsistunt

107 3254 208 3331 atqu'e
233 3245 416 3326 obsecrant,
434 3253 470 3307 ut
492 3245 559 3309 suis
583 3245 720 3307 fortunis
737 3244 897 3323 consulat,
915 3267 977 3308 neu
993 3267 1027 3308 se
1050 3243 1092 3307 ab

107 3349 261 3415 hostibus
279 3347 376 3431 diripi
393 3348 546 3432 patiatur,
564 3349 757 3432 praesertim
774 3368 847 3412 cum
863 3347 974 3412 videat
998 3370 1093 3413 omne

109 3453 152 3519 ad
175 3474 211 3524 se
229 3450 352 3516 bellum
374 3450 576 3516 translatum.
604 3450 751 3530 Quorum
774 3449 828 3514 illc
847 3450 997 3534 precibus
1020 3474 1115 3536 per-s

108 3564 217 3622 motus
233 3563 345 3623 castra
357 3577 399 3619 ex
407 3555 609 3638 Biturigibus
622 3564 732 3619 movet
747 3557 777 3619 in
790 3556 955 3620 Arvernos
967 3577 1091 3621 versus
