2430 4028
131 241 192 305 102
438 240 487 293 nn
507 243 626 293 annno
647 241 805 293 cancico

127 433 260 497 barbari
289 435 419 498 nuntios
448 435 480 496 in
506 453 617 496 omnes
641 441 751 516 partes
775 431 968 496 dimiserunt
996 435 1112 516 panci-

127 547 292 622 tatemquc
316 545 501 601 nostrorum
524 534 664 600 militum
681 537 747 599 suis
764 533 1046 619 praedicaverunt
1067 541 1109 606 e't.

127 650 251 725 quanta
277 639 421 725 praedae
449 637 623 703 faciendae
653 646 751 722 atque
780 639 813 700 in
840 645 1039 722 perpetuum
1062 639 1111 703 sui

126 741 288 809 liberandi
305 743 447 808 facultas
465 742 609 819 daretur,
634 742 661 805 si
676 741 844 805 Romanos
868 741 988 805 castris
1008 764 1112 827 expu-

125 847 249 924 lissent,
274 847 590 911 demonstraverunt.
615 845 678 909 His
700 843 798 909 rebus
815 845 965 909 celeriter
985 867 1112 930 magna

126 949 331 1016 multitudine
354 951 521 1036 peditatus
537 949 767 1035 equitatusque
790 959 908 1014 coacta
932 947 977 1014 ad
999 959 1112 1014 castra

127 1064 296 1120 venerunt.

228 1156 278 1220 35.
303 1155 433 1235 Caesar,
451 1159 511 1220 etsi
527 1156 625 1232 idem,
645 1155 732 1241 quod
752 1154 975 1240 superioribus
991 1155 1109 1222 diebus

125 1260 307 1342 acciderat,
337 1260 407 1324 fore
431 1259 583 1330 videbat,
614 1268 665 1336 ut,
690 1261 718 1323 si
741 1267 851 1322 essent
872 1257 986 1323 hostes
1011 1259 1108 1343 pulsi,

125 1362 293 1428 celeritate
309 1364 489 1446 perieulum
510 1364 698 1446 effugerent,
724 1373 831 1426 tamen
848 1371 965 1428 nactus
982 1364 1111 1448 equites

125 1468 254 1530 circiter
276 1484 360 1547 xxx,
386 1490 468 1552 quos
492 1466 661 1532 Commius
685 1464 843 1548 Atrebas,
874 1465 914 1530 de
941 1486 1008 1550 quo
1035 1477 1111 1532 ante

125 1569 331 1651 dictumest,
357 1592 467 1634 secum
490 1578 783 1654 transportaverat,
807 1568 955 1651 legiones
978 1570 1015 1633 in
1039 1572 1110 1634 acic

103 1694 183 1756 apro
208 1675 324 1736 castris
350 1669 530 1736 constituit.
555 1671 739 1736 Commisso
756 1671 881 1757 proelio
905 1670 1031 1737 diutius
1053 1695 1109 1739 no-

125 1785 264 1840 strorum
288 1778 428 1841 militum
447 1778 603 1860 impetum
619 1776 730 1840 hostes
750 1777 833 1839 ferre
849 1796 915 1839 non
930 1784 1110 1859 potuerunt

105 1902 167 1944 sac
191 1889 283 1964 terga
307 1890 483 1944 verterunt.
511 1879 604 1959 Quos
627 1889 718 1944 tanto
735 1881 842 1964 spatio
868 1880 980 1957 secuti,
1005 1900 1108 1964 quau·

126 1993 193 2047 tum
217 2005 314 2048 cursu
338 1993 370 2047 et
392 1982 517 2048 viribus
541 1981 671 2046 efficere
699 1990 890 2067 potuerunt,
920 1981 1109 2067 complures

125 2111 168 2150 ex
197 2088 236 2149 iis
266 2087 470 2161 occiderunt,
507 2086 623 2151 deinde
662 2084 812 2150 omnibus
847 2084 944 2168 longe
976 2085 1108 2173 lateque

128 2189 286 2255 aediliciis
309 2191 451 2254 incensis
475 2212 510 2253 se
533 2191 565 2253 in
589 2198 699 2252 castra
727 2197 929 2273 receperunt.

212 2291 264 2357 36.
287 2294 415 2358 Eodem
432 2292 484 2357 die
504 2292 605 2376 legati
623 2291 664 2357 ab
681 2290 832 2359 hostibus
849 2291 941 2356 missi
965 2290 1011 2355 ad
1028 2291 1110 2358 Cae·

101 2418 231 2460 asarem
255 2396 295 2460 de
317 2418 400 2482 pace
423 2407 590 2461 venerunt.
620 2398 681 2461 His
705 2395 829 2461 Caesar
853 2417 1026 2460 numerum
1054 2394 1108 2461 oo

123 2499 240 2580 aidum,
265 2521 359 2584 quem
377 2510 452 2564 ante
468 2500 695 2584 imperaverat,
720 2499 901 2584 duplicavit
924 2519 1051 2585 eosque
1075 2500 1106 2562 in

122 2604 344 2666 continentem
361 2601 479 2666 adduci
496 2603 600 2685 iussit,
620 2601 707 2687 quod
724 2603 910 2687 propinqua
925 2600 979 2667 die
995 2605 1106 2688 aequi·

121 2706 223 2770 noctii
245 2704 381 2769 infirmis
398 2704 537 2769 navibus
561 2704 658 2769 hiemi
674 2705 918 2788 navigationem
943 2703 1107 2770 subicien-

100 2808 197 2875 sdam
228 2831 295 2873 non
326 2807 548 2873 existimabat.
595 2807 671 2892 Ipse
700 2807 853 2872 idoneam
876 2817 1108 2892 tempestatem

122 2920 261 2975 nanctus
295 2910 394 2997 paulo
426 2921 501 2996 post
531 2910 671 2975 mediam
695 2920 827 2976 noctem
855 2933 959 2976 naves
990 2912 1107 2996 solvit3

123 3037 208 3100 quae
232 3038 343 3080 omnes
367 3014 548 3079 incolumes
572 3015 614 3078 ad
631 3017 853 3079 continentem
868 3027 1106 3099 pervenerunt;

102 3117 181 3186 ised
205 3142 246 3183 ex
268 3119 308 3183 iis
326 3120 495 3182 onerariae
512 3118 596 3182 duae
612 3118 755 3200 eosdem,
780 3141 862 3204 quos
878 3117 1005 3203 reliqui,
1029 3142 1106 3205 por·

123 3233 174 3287 tus
192 3245 310 3308 capere
329 3245 395 3288 non
412 3232 588 3308 potuerunt
606 3232 638 3286 et
653 3222 751 3308 paulo
769 3222 855 3286 infra
870 3221 1001 3287 delatae
1017 3235 1105 3289 sunt.

208 3325 259 3390 37.
288 3325 416 3407 Quibus
432 3350 474 3391 ex
497 3325 639 3391 navibus
663 3349 737 3391 cum
761 3336 871 3391 essent
887 3327 1032 3413 expositi
1048 3330 1106 3392 mi·

121 3429 195 3494 lites
220 3432 351 3494 circiter
373 3431 510 3493 trecenti
541 3439 638 3515 atque
667 3431 700 3493 in
723 3439 834 3495 eastra
857 3428 1104 3505 contenderent,

124 3533 253 3616 Morini,
277 3554 358 3618 quos
377 3530 501 3597 Caesar
523 3535 556 3596 in
578 3533 785 3599 Britanniam
807 3532 1023 3618 proficiscens
1048 3557 1105 3620 pa·
