2430 4028
366 275 477 325 nrnnn
494 276 530 339 11,
549 275 626 326 cnr.
646 277 739 326 ⁷010.
1002 278 1042 342 47

61 467 203 544 faciunt,
227 464 421 533 secundiore
444 468 589 550 equitum
612 466 736 551 proelio
760 468 893 550 nostris,
918 464 1043 531 Caesar

63 593 142 634 suos
165 570 199 634 in
222 578 334 636 castra
356 569 497 633 reduxit.
520 568 644 634 Hostes
667 570 816 654 protinus
840 594 883 634 ex
907 592 945 634 eo
969 570 1065 634 locos

62 672 109 736 ad
135 672 253 738 flumen
277 673 430 738 Axonam
465 672 719 747 contenderunt,
755 673 843 759 quod
872 695 945 737 esse
968 681 1043 757 post

62 784 178 842 nostra
200 784 312 841 castra
335 775 596 840 demonstratum
619 785 679 840 est.
714 775 764 839 Ibi
787 775 881 841 vadis
905 777 1065 860 repertis4

61 890 191 966 partem
214 902 347 945 suarum
370 880 540 963 copiarum
561 879 733 944 traducere
757 882 867 944 conati
899 889 975 944 sunt
1003 900 1041 944 eo

60 985 217 1065 consilio,
251 994 302 1065 ut,
332 985 357 1047 si
392 993 545 1068 possent,
582 982 769 1064 castellum,
805 986 859 1048 cui·
891 992 1044 1068 praeerat

60 1087 207 1168 Quintus
230 1087 374 1152 Titurius
405 1086 549 1170 legatus,
585 1098 814 1172 expugnarent
847 1097 1044 1173 pontemque

59 1190 352 1272 interscinderent3
369 1191 396 1253 si
413 1191 519 1253 minus
536 1193 728 1275 potuissent,
755 1213 853 1274 agros
869 1193 1066 1257 Remorum⁵

59 1294 314 1378 popularentur,
339 1293 394 1378 qui
417 1315 537 1378 magno
561 1293 657 1359 nobis
681 1298 754 1359 usui
783 1294 826 1359 ad
848 1295 969 1360 bellum
993 1319 1045 1375 ge·

58 1398 200 1464 rendum
228 1406 338 1479 erant,
375 1407 625 1482 commeatuque
658 1407 790 1463 nostros
824 1399 1044 1482 prohiberent.

152 1501 201 1565 10.
219 1500 344 1567 Caesar
360 1502 480 1566 certior
495 1503 602 1566 iactus
619 1501 662 1568 ab
674 1503 801 1567 Titurio
815 1525 944 1567 omnem
957 1506 1044 1589 equi-

60 1615 168 1671 tatum
193 1615 226 1670 ot
248 1605 329 1671 levis
347 1613 533 1670 armaturae
550 1604 722 1688 Numidas,
747 1605 928 1672 funditores
946 1609 1043 1691 sagit—

57 1710 229 1794 tariosque
258 1719 392 1794 pontem
421 1708 563 1774 traducit
594 1719 692 1795 atque
716 1710 758 1774 ad
785 1733 842 1775 eos
866 1712 1043 1776 contendit.

59 1812 193 1878 Acriter
215 1815 248 1877 in
271 1835 310 1877 eo
334 1813 407 1878 loco
432 1822 613 1897 pugnatum
637 1824 695 1878 est.
724 1815 846 1879 Hostes
869 1814 1065 1900 impeditosa

60 1919 170 1983 nostri
192 1918 224 1980 in
246 1917 381 1982 flumine
404 1920 553 2000 aggressi
567 1939 722 2000 magnum
740 1940 851 1982 corum
875 1941 1044 1984 numerum

60 2021 270 2102 occiderunt,
295 2043 353 2106 per
376 2043 486 2084 eorum
504 2041 645 2105 corpora
667 2020 810 2106 reliquos
826 2022 1065 2086 audacissimos

58 2125 202 2189 transire
230 2133 387 2188 conantes
423 2122 628 2188 multitudine
652 2123 791 2189 telorum
815 2125 1043 2210 reppulerunt3

58 2230 197 2315 primos,
222 2229 278 2311 qui
294 2228 502 2309 transierant,
527 2230 674 2312 cquitatu
690 2230 930 2293 circumventos
947 2230 1044 2293 inter-

58 2333 220 2397 fecerunt.
244 2330 367 2396 Hostes
384 2329 439 2395 ubi
464 2330 552 2394 etde
576 2330 796 2414 expugnando
815 2330 935 2417 oppido
956 2342 988 2394 et
1004 2331 1065 2396 der

57 2435 194 2500 flumine
217 2434 417 2499 transeundo
449 2457 539 2519 spem
571 2457 605 2499 se
628 2433 783 2498 fefellisse
812 2433 1045 2500 intellexerunt

59 2559 168 2623 neque
180 2547 312 2602 nostros
329 2540 361 2602 in
379 2538 488 2603 locum
501 2538 696 2622 iniquiorem
710 2537 863 2621 progredi
876 2539 1044 2623 pugnandi

59 2663 164 2706 causa
187 2641 347 2722 viderunt,
371 2648 470 2725 atque
493 2642 583 2726 ipsos
599 2663 651 2705 res
668 2642 881 2705 frumentaria
904 2640 1044 2705 deficere

58 2746 180 2829 coepit,
199 2743 336 2808 consilio
351 2753 535 2808 convocato
549 2745 788 2808 constituerunt
801 2746 958 2829 optimum
972 2767 1044 2810 esse

59 2849 196 2913 domurn
225 2870 319 2912 suam
343 2870 503 2932 quemque
525 2849 644 2912 reverti
667 2856 717 2927 et,
746 2870 884 2932 quorum
907 2851 939 2912 in
962 2849 1043 2914 fines

58 2954 203 3037 primum
226 2952 368 3016 Romani
399 2953 579 3016 exercitum
609 2951 884 3027 introduxissent,
915 2950 958 3015 ad
987 2975 1043 3017 eos

59 3055 288 3121 defendendos
312 3056 455 3140 undique
479 3057 703 3134 convenirent,
727 3065 764 3120 ut
786 3056 894 3140 potius
918 3058 951 3120 in
975 3057 1043 3120 suis

58 3181 161 3245 quam
194 3160 228 3223 in
262 3158 379 3223 alienis
412 3157 532 3224 finibus
566 3158 771 3223 decertarent
799 3169 831 3223 et
854 3158 1043 3224 domesticis

57 3265 166 3349 copiis
189 3265 236 3329 rei
259 3264 494 3328 frumentariae
525 3272 703 3329 uterentur.
744 3263 798 3328 Ad
821 3285 894 3327 eam
917 3272 1065 3328 senten-5

58 3369 142 3434 tiam
165 3389 241 3433 cum
262 3367 400 3453 reliquis
424 3369 534 3433 causis
556 3367 639 3432 haec
656 3390 784 3453 quoquo
807 3370 891 3433 ratio
911 3390 968 3431 eos
992 3367 1044 3431 de-

59 3472 167 3556 duxit,
192 3471 281 3557 quod
298 3471 502 3537 Divitiacum
524 3479 623 3557 atquo
640 3471 774 3536 Aeduos
796 3469 917 3540 finibus
938 3470 1043 3535 Bello·

57 3597 221 3642 vacorum
251 3577 519 3661 appropinquare
543 3584 777 3659 cognoverant.
822 3575 884 3638 His
908 3596 1040 3658 persua·
