2430 4028
410 264 521 313 urana
538 263 560 323 Ι,
580 262 656 314 aar.
676 264 786 313 40-42.
1046 262 1086 325 31

105 457 352 521 satisfacerent:
388 479 423 520 se
453 478 560 542 neque
589 477 744 540 umquam
778 453 948 520 dubitasse
982 476 1088 539 neque

105 560 255 624 timuisse
277 581 382 646 neque
406 559 446 624 de
469 583 596 625 summa
617 558 696 624 belli
719 582 811 624 suum
835 558 1006 634 iudicium,
1031 556 1089 622 sed

106 663 312 747 imperatoris
335 686 409 729 esse
432 665 679 729 existimavisse.
714 664 838 728 Eorum
862 663 1110 726 satisfactiones

107 774 246 849 accepta
268 774 301 830 et
323 768 439 832 itincre
457 768 621 852 exquisito
639 789 697 850 per
709 767 920 842 Divitiacum,
942 765 1029 851 quod
1046 787 1088 828 ex

105 867 180 933 aliis
203 871 231 933 ei
255 872 433 934 maximam
456 869 554 934 fidem
569 869 723 951 habebat,
749 881 784 935 ut
800 871 923 934 milium
948 868 1087 954 amplius

105 975 347 1058 quinquaginta
375 976 512 1038 circuitu
544 972 627 1039 locis
662 977 784 1058 apertis
819 975 997 1038 exercitum
1032 972 1089 1036 du·

105 1085 210 1159 aeret,
241 1076 281 1142 de
304 1086 424 1161 quarta
452 1076 582 1161 vigilia,
613 1086 649 1141 ut
671 1076 811 1160 dixerat,
835 1077 1003 1162 profectus
1027 1084 1088 1139 est.

104 1179 253 1264 Septimo
278 1179 341 1254 die,
366 1202 440 1245 cum
463 1182 524 1243 iter
546 1202 612 1243 non
635 1182 874 1262 intermitteret,
906 1180 947 1243 ab
972 1176 1110 1263 exples

104 1281 269 1348 ratoribus
287 1284 406 1348 certior
421 1283 529 1347 factus
549 1291 608 1357 est,
624 1281 782 1347 Ariovisti
797 1284 912 1366 copias
932 1306 952 1346 a
968 1283 1087 1346 nostris

105 1386 239 1451 milibus
262 1408 419 1472 passuum
443 1394 598 1471 quattuor
621 1394 652 1450 et
675 1403 723 1447 xx
747 1384 875 1450 abesse.

192 1488 245 1553 42.
271 1487 409 1572 Cognito
428 1487 580 1553 Caesaris
604 1489 749 1554 adventu
761 1488 943 1555 Ariovistus
961 1489 1087 1572 legatos

106 1592 151 1657 ad
174 1616 246 1658 eum
270 1595 384 1658 mittit:
409 1592 497 1677 quod
520 1602 620 1658 antea
636 1593 676 1657 dc
695 1593 859 1678 colloquio
876 1593 1088 1678 postulasset,

105 1697 142 1761 id
164 1719 223 1782 per
245 1719 281 1760 se
309 1695 380 1762 fieri
403 1695 516 1772 licere,
546 1698 700 1780 quoniam
729 1698 864 1780 propius
893 1699 1099 1778 accessisset,
1192 1742 1204 1761 κ

109 1821 210 1884 seque
232 1798 267 1864 id
287 1801 356 1864 sine
372 1799 515 1884 periculo
532 1801 641 1864 lacere
656 1821 754 1884 posse
778 1800 990 1864 existimaret.
1013 1799 1110 1865 Nona

106 1906 234 1988 respuit
263 1903 491 1970 condicionem
514 1901 639 1968 Caesar
666 1905 797 1988 iamque
821 1925 895 1969 eum
924 1903 968 1968 ad
1001 1907 1087 1968 sani·

106 2016 210 2072 tatem
243 2010 362 2072 reverti
396 2006 634 2087 arbitrabatur,
671 2028 744 2070 cum
779 2007 833 2083 id,
868 2007 955 2094 quod
989 2016 1088 2071 antea

107 2112 231 2196 petenti
262 2111 473 2195 denegasset,
503 2110 587 2176 ultro
618 2111 841 2196 polliceretur,
869 2133 1109 2196 magnamques

107 2217 141 2279 in
166 2210 257 2298 spem
273 2214 429 2280 veniebat
451 2236 510 2299 pro
535 2215 602 2279 suis
625 2216 726 2278 tantis
747 2214 925 2300 populique
948 2215 1087 2280 Romani

105 2320 140 2382 in
180 2341 255 2383 eum
287 2318 473 2400 beneficiis,
511 2320 649 2402 coguitis
691 2319 757 2382 suis
792 2318 967 2402 postulatis
1005 2320 1085 2398 sore,

107 2423 157 2487 uti
180 2422 364 2506 pertinacia
394 2421 575 2486 desisteret.
613 2420 694 2485 Dies
718 2420 882 2507 colloquio
911 2422 1016 2486 dictus
1039 2431 1089 2485 est

106 2548 150 2589 ex
179 2547 218 2590 eo
250 2524 302 2588 die
331 2525 472 2609 quintus.
524 2525 658 2588 Interim
688 2547 786 2608 saepe
819 2525 904 2590 ultro
939 2528 1110 2609 citroqucs

106 2650 182 2692 eum
204 2625 305 2712 legati
328 2629 412 2692 inter
440 2649 496 2690 eos
520 2627 732 2706 mitterentur,
766 2626 953 2693 Ariovistus
976 2637 1087 2712 postu·

104 2731 202 2806 lavit,
234 2753 274 2794 ne
298 2753 395 2816 quem
417 2731 560 2816 peditem
589 2731 633 2795 ad
661 2730 861 2816 colloquium
884 2729 1008 2795 Caesar
1032 2730 1087 2795 ad-

105 2836 257 2900 duceret:
291 2836 395 2900 vereri
426 2858 474 2911 se,
509 2858 551 2899 ne
574 2859 633 2921 per
653 2835 791 2900 iusidias
822 2835 863 2900 ab
892 2858 929 2900 eo
954 2837 1087 2899 circum-

103 2940 288 3012 veniretur;
312 2947 449 3024 uterque
465 2961 539 3003 cum
555 2941 704 3024 equitatu
719 2941 860 3003 venirat:
878 2937 943 3003 alia
961 2939 1086 3003 ratione

103 3064 179 3107 sese
202 3063 267 3106 non
291 3063 364 3105 esse
383 3049 566 3106 venturum.
592 3040 724 3119 Caesar,
748 3041 836 3126 quod
858 3064 962 3126 neque
986 3041 1108 3105 collo-s

104 3145 218 3231 quium
240 3146 432 3230 interposita
449 3167 552 3210 causa
573 3145 644 3210 tolli
660 3143 796 3209 volebat
818 3166 922 3230 neque
945 3143 1086 3210 salutem

102 3271 200 3314 suam
224 3247 394 3313 Gallorum
417 3251 574 3334 equitatui
599 3250 800 3313 committere
824 3247 977 3330 audebat,
1002 3270 1087 3312 oom-

102 3351 331 3417 modissimum
354 3375 426 3418 esse
450 3355 565 3418 statuit
581 3353 732 3416 omnibus
756 3355 849 3436 equis
869 3350 975 3416 Gallis
1000 3353 1087 3436 equi-

101 3456 194 3520 tibus
209 3455 365 3522 detractis
382 3479 420 3521 eo
436 3455 635 3540 legionarios
647 3456 766 3521 milites
779 3454 916 3538 legionis
930 3455 1086 3533 decimae,

100 3561 158 3623 cui
187 3581 285 3645 quam
308 3561 451 3625 maxime
485 3558 689 3636 confidebat,
723 3560 906 3644 imponere,
938 3566 974 3622 ut
996 3580 1088 3643 prae·
