2430 4028
403 249 513 300 arnna
530 250 552 312 1,
572 247 647 298 cae.
668 250 742 298 1-3.
1043 249 1064 312 3

85 450 179 526 parte
202 450 313 506 monte
336 441 412 505 Iura
436 440 613 521 altissimo,
638 441 692 525 qui
716 447 766 504 est
787 439 872 504 inter
895 439 1067 524 Sequanos

86 554 118 609 et
141 544 331 626 Helvetios,
360 546 456 608 tertia
478 543 554 607 lacu
576 543 747 608 Lemanno
771 552 803 608 et
825 543 957 606 flumine
980 541 1066 606 Rbo-

87 648 184 730 dano,
208 651 263 734 qui
287 647 491 733 provinciam
513 656 659 712 nostram
688 647 729 711 ab
755 647 914 710 Helvetiis
937 644 1066 709 dividit.

88 753 149 815 His
183 752 280 816 rebus
315 751 430 834 fiebat,
468 761 503 816 ut
531 761 563 816 et
586 753 691 815 miuus
723 751 788 816 late
811 758 1012 834 vagarentur
1035 758 1089 816 etr

87 857 192 918 minus
222 853 318 919 facile
348 856 493 919 finitimis
525 854 645 919 bellum
673 854 793 919 inferre
817 864 967 938 possent,
1004 875 1067 935 quo
1174 877 1195 902 s

87 969 200 1041 aperte
215 958 363 1022 homines
386 956 529 1022 bellandi
546 957 656 1041 cupidi
673 979 792 1040 magno
809 956 922 1022 dolore
945 955 1069 1020 afficie-

87 1061 223 1142 bantur,
261 1083 320 1144 pro
356 1060 561 1125 multitudine
595 1070 705 1125 autem
741 1061 909 1125 bominum
942 1070 974 1123 et
1008 1081 1090 1143 pros

87 1163 192 1248 gloria
215 1163 293 1228 belli
316 1173 415 1248 atque
438 1164 637 1228 fortitudinis
661 1174 818 1247 angustos
852 1186 885 1227 se
908 1162 990 1227 fines
1012 1161 1069 1225 ha·

87 1268 165 1333 bere
188 1266 448 1346 arbitrabantur,
473 1269 528 1352 qui
557 1269 590 1332 in
614 1267 851 1353 longitudinem
872 1266 964 1330 milia
993 1289 1068 1350 pas·

88 1395 184 1436 suum
208 1388 312 1455 ccxc,
337 1374 371 1436 in
393 1372 599 1437 latitudinem
623 1389 741 1435 ccxxx
763 1371 932 1456 patebant.

175 1473 205 1536 3.
229 1475 290 1539 His
313 1474 411 1540 rebus
435 1475 568 1540 adducti
593 1484 625 1540 et
647 1477 841 1541 auctoritate
865 1473 1070 1558 Orgetorigis

87 1579 227 1663 permoti
261 1580 499 1644 constituerunt
527 1602 586 1662 ea,
622 1602 705 1664 quae
729 1578 772 1644 ad
795 1575 1069 1663 proficiscendum

87 1681 307 1766 pertinerent,
342 1704 550 1767 comparare,
582 1685 800 1747 iumentorum
836 1689 869 1745 et
902 1702 1070 1744 carrorum

89 1807 187 1870 quam
211 1787 391 1851 maximum
413 1809 583 1851 numerum
606 1797 764 1868 coemere,
789 1793 950 1850 sementes
973 1805 1072 1868 quam

90 1888 253 1952 maximas
282 1889 406 1972 facere,
438 1899 473 1954 ut
503 1891 537 1954 in
559 1890 675 1955 itinere
699 1891 796 1976 copia
819 1889 972 1953 frumenti
995 1910 1069 1972 sup-

89 2001 231 2075 peteret,
261 2014 336 2056 cum
358 1994 518 2077 proximis
546 1993 735 2058 civitatibus
759 2014 875 2078 paoem
899 2002 931 2057 et
960 1991 1072 2056 amici·

88 2095 167 2159 tiam
191 2095 394 2161 confirmare.
423 2094 477 2160 Ad
499 2119 556 2161 eas
578 2119 631 2162 res
654 2097 878 2162 conficiendas
902 2096 1093 2162 bienniuma

89 2199 153 2264 sibi
177 2201 257 2263 satis
286 2222 358 2264 esse
382 2200 560 2265 duxerunt:
594 2202 779 2265 intertium
802 2224 923 2266 annum
946 2202 1072 2286 profec-

87 2304 212 2368 tionem
239 2303 312 2387 lege
335 2304 539 2369 confirmant.
588 2304 732 2387 [Adeas
759 2327 811 2369 res
835 2299 1069 2389 conficiendas]
1174 2310 1190 2329 ”

90 2406 268 2492 Orgetorix
286 2407 459 2491 [deligitur.
489 2406 535 2490 Is]
558 2407 620 2472 sibi
642 2407 839 2492 legationem
861 2408 905 2473 ad
921 2408 1093 2474 civitatesa

89 2510 243 2595 suscepit.
265 2511 304 2575 In
320 2534 358 2576 eo
374 2511 489 2576 itinere
504 2512 681 2596 persuadet
697 2512 841 2596 Castico,
861 2511 1095 2577 Garamanta-4

87 2613 193 2679 loedis
209 2614 286 2697 filio,
304 2613 468 2700 Sequano,
485 2617 577 2679 euius
593 2624 687 2700 pater
708 2637 844 2699 regnum
860 2617 892 2678 in
909 2615 1071 2700 Sequanis

88 2716 209 2782 multos
232 2739 337 2783 annos
362 2717 548 2783 obtinuerat
571 2728 603 2783 et
626 2742 646 2782 a
670 2728 785 2783 senatu
801 2719 914 2805 populi
930 2720 1070 2785 Romani

89 2822 215 2885 amicus
238 2819 424 2906 appellatus
455 2830 534 2904 erat,
563 2831 599 2886 ut
626 2844 763 2906 regnum
791 2823 825 2886 in
857 2824 990 2888 civitate
1015 2846 1073 2888 sua

90 2934 276 3011 occuparet,
301 2926 389 3010 quod
405 2935 498 3010 pater
520 2935 596 2990 ante
613 2925 789 3008 habuerat,
812 2927 954 3012 itemque
970 2927 1095 2993 Dum-⁵

88 3030 196 3112 norigi
219 3028 347 3113 Aeduo,
371 3030 463 3094 fratri
488 3029 653 3106 Divitiaei,
678 3031 732 3114 qui
756 3052 794 3094 eo
819 3039 965 3115 tempore
984 3033 1071 3116 prin-

89 3135 236 3219 cipatum
273 3133 307 3196 in
343 3134 476 3198 civitate
515 3132 685 3198 obtinebat
722 3155 762 3198 ae
799 3135 945 3199 maxime
982 3133 1071 3220 plebi

91 3246 249 3322 acceptus
280 3246 366 3320 erat,
401 3247 437 3301 ut
459 3236 546 3302 idem
569 3246 752 3314 conaretur,
777 3237 954 3322 persuadet
976 3241 1071 3324 eique

88 3339 191 3406 filiam
225 3363 320 3406 suam
349 3343 382 3404 in
410 3342 654 3406 matrimonium
682 3341 750 3406 dat.
798 3341 958 3406 Perfacile
981 3342 1094 3406 factuo

89 3467 163 3508 esse
190 3443 255 3508 illis
278 3443 398 3530 probat
427 3453 548 3510 conata
571 3445 745 3534 perficere,
781 3454 954 3530 propterea
983 3446 1072 3530 quod

88 3550 162 3633 ipse
186 3570 265 3613 suae
289 3548 433 3612 civitatis
456 3548 627 3633 imperium
658 3547 849 3613 obtenturus
874 3558 975 3613 esset:
1006 3572 1071 3613 non

877 3668 914 3715 1*
