2430 4028
123 250 185 315 ton
424 249 474 300 ns
493 249 614 301 nunno
633 247 793 300 cannrco

100 442 219 510 sHunc
242 462 317 504 cum
339 439 471 525 reliquis
487 438 584 504 rebus
599 437 710 503 locum
725 438 892 525 probarat,
917 448 989 504 tum
1012 438 1100 525 qnod

122 545 297 628 superioris
327 545 403 607 anni
432 545 631 607 munitiones
660 544 806 625 integrae
839 541 1036 621 manebant,
1066 551 1101 607 ut

122 648 259 712 militum
282 646 429 711 laborem
447 645 642 711 sublevaret.
666 647 835 711 Praesidio
858 646 1100 732 impedimentis

122 752 284 834 legionem
319 750 630 834 quartamdecimam
665 749 810 834 reliquit,
844 771 945 814 unam
978 773 1023 815 ex
1052 749 1101 813 bis

123 855 236 933 tribus,
261 877 343 939 quas
367 855 516 938 proxime
540 856 745 938 conscriptas
768 875 810 917 ex
826 852 926 917 Italia
947 852 1101 918 traduc

101 968 183 1026 erat.
206 959 246 1020 Ei
271 956 390 1039 legioni
418 959 600 1042 castrisque
624 955 780 1036 Quintum
803 955 948 1020 Tullium
971 953 1102 1021 Cicero·

122 1085 195 1125 nem
219 1060 368 1146 praeficit
391 1060 617 1144 ducentosque
641 1061 767 1144 equites
791 1057 949 1124 attribuit.

208 1163 259 1226 33.
286 1163 408 1227 Partito
424 1164 571 1227 exercitu
586 1163 696 1227 Titum
710 1161 895 1227 Labienum
910 1184 988 1229 cum
1003 1163 1101 1248 legio

123 1267 218 1331 nibus
234 1265 339 1331 tribus
356 1266 398 1330 ad
415 1265 584 1331 Oceanum
600 1289 715 1331 versus
736 1270 769 1331 in
792 1288 850 1331 eas
872 1275 996 1350 partes,
1019 1287 1102 1352 quae

102 1371 295 1454 ellenapios
318 1370 492 1454 attingunt,
516 1369 679 1454 proficisci
702 1369 808 1450 iubet;
835 1370 958 1435 Gaium
980 1369 1102 1435 Trebo-

124 1477 212 1538 nium
237 1496 310 1537 cum
334 1476 405 1558 pari
420 1474 585 1557 legionum
608 1496 743 1538 numero
767 1472 810 1538 ad
825 1495 901 1538 eam
921 1475 1099 1559 regionem,

124 1600 208 1662 quae
232 1576 275 1640 ad
298 1577 490 1643 Aduatucos
514 1577 658 1655 adiacet,
691 1576 957 1663 depopulandam
986 1579 1101 1657 mittit,

102 1684 194 1766 sipse
224 1703 298 1745 cum
328 1681 461 1765 reliquis
484 1679 588 1745 tribus
612 1682 655 1746 ad
677 1682 798 1745 flumen
822 1679 993 1761 Soaldem,
1016 1679 1101 1767 quod

123 1786 228 1851 influit
257 1787 289 1849 in
319 1787 463 1863 blesam,
499 1795 728 1871 extremasque
758 1785 959 1850 Arduennae
992 1793 1102 1871 partes

123 1893 169 1953 iro
193 1891 378 1972 constituit,
407 1913 470 1974 quo
495 1912 568 1955 cum
591 1891 705 1974 paucis
729 1888 893 1974 equitibus
919 1888 1102 1975 profectum

101 2021 114 2058 r
126 1993 347 2076 Ambiorigem
360 1992 528 2058 audiebat.
546 1993 731 2057 Discedens
743 2002 819 2076 post
831 1990 918 2056 diem
928 1993 1102 2076 septimum

125 2119 195 2159 sese
211 2119 416 2160 reversurum
433 2097 623 2177 confirmat3
648 2118 746 2180 quam
762 2095 806 2160 ad
822 2095 909 2160 diem
924 2095 955 2158 ei
970 2093 1100 2179 legioni,

124 2220 207 2283 quae
231 2202 263 2263 in
292 2200 457 2284 praesidio
482 2198 739 2284 relinquebatur,
769 2198 881 2263 deberi
904 2198 1102 2263 frumentum

103 2302 260 2370 usciebat.
306 2301 489 2368 Labienum
512 2302 778 2386 Treboniumque
805 2302 974 2384 hortatur,
1002 2303 1031 2366 si
1058 2301 1102 2366 rei

124 2406 277 2489 publicae
310 2406 483 2470 commodo
516 2407 626 2470 facere
660 2409 805 2490 possint,
840 2405 884 2469 ad
913 2425 989 2470 eum
1019 2405 1101 2470 diem

123 2519 338 2591 revertantur,
362 2519 397 2572 ut
412 2533 524 2574 rursus
540 2512 782 2574 communicato
798 2508 937 2575 oonsilio
953 2508 1103 2595 explora·

125 2618 231 2700 tisquc
253 2612 396 2680 hostiurn
420 2615 603 2679 rationibus
626 2613 715 2678 aliud
738 2614 866 2677 initium
882 2612 962 2678 belli
986 2634 1102 2699 capere

123 2727 269 2803 possent.
849 2701 854 2707 ⁵

209 2820 259 2883 34.
296 2823 390 2902 Erat,
425 2831 461 2885 ut
495 2845 594 2906 supra
628 2821 947 2895 domonstravimus,
987 2842 1102 2886 manus

123 2935 214 2989 certa
242 2924 347 3002 nulla,
381 2946 446 2989 non
471 2925 643 3009 oppidum,
673 2947 738 2989 non
761 2923 981 3010 praesidium,
1017 2922 1103 3011 quod

124 3049 158 3090 se
182 3028 281 3090 armis
305 3025 506 3105 defenderet,
545 3027 602 3091 sed
626 3028 659 3090 in
683 3049 795 3092 omnes
817 3035 929 3110 partes
952 3025 1103 3112 dispersa

103 3129 308 3197 amultitudo.
353 3130 419 3195 Ubi
443 3132 560 3215 cuique
589 3139 647 3194 aut
668 3130 771 3196 valles
795 3128 910 3196 abdita
932 3140 993 3195 aut
1014 3130 1104 3195 locus

124 3233 283 3298 silvestris
317 3245 373 3299 aut
407 3233 501 3319 palus
536 3234 694 3318 impedita
732 3255 823 3317 spem
858 3233 1017 3318 praesidii
1050 3239 1103 3297 ant

101 3338 237 3408 rsalutis
271 3339 415 3422 aliquam
449 3337 620 3419 offerebat,
654 3337 859 3402 consederat.
904 3337 1000 3402 Haec
1033 3336 1103 3403 loon

123 3442 347 3508 vicinitatibus
365 3452 457 3507 erant
478 3451 568 3524 nota,
587 3462 805 3528 magnamque
826 3463 879 3506 res
903 3440 1103 3526 diligentiam

123 3546 310 3633 requirebat
331 3570 397 3614 uon
420 3548 453 3610 in
477 3568 605 3614 summa
627 3546 792 3613 exercitus
815 3543 938 3609 tuenda
967 3544 1102 3628 (nullrm
