2430 4028
137 288 198 353 134
443 286 492 339 on
513 288 632 342 nunno
652 289 811 340 calinico

134 505 176 546 ex
200 480 363 566 equitibus
388 481 493 546 Gallis
517 482 645 564 magnis
674 480 828 565 praemiis
850 479 1046 566 persuadet,
1071 483 1118 546 uti

111 584 179 649 sad
192 582 385 650 Ciceronem
409 583 582 669 epistolam
599 583 735 648 deferat.
764 582 861 648 Hanc
877 580 1018 648 Graecis
1041 604 1118 649 con·

134 690 290 772 scriptam
307 687 422 752 litteris
439 687 547 768 mittit,
570 709 611 750 ne
635 688 818 772 intercepta
834 685 978 774 epistola
1000 696 1118 752 nostra

110 789 176 856 sab
211 790 361 857 hostibus
395 790 534 855 consilia
567 799 819 875 cognoscantur.
865 788 900 854 Si
928 788 1023 856 adire
1050 812 1116 856 uon

132 896 254 982 possit,
278 904 405 976 monet,
436 903 472 959 ut
493 893 657 978 tragulam
680 915 756 958 cum
779 892 918 979 epistola
942 891 985 958 ad
1009 915 1116 959 amen·

111 1010 201 1063 etum
225 998 371 1082 deligata
386 1002 471 1064 intra
487 1000 699 1064 munitionem
716 1008 898 1064 castrorum
919 998 1055 1064 abiciat
1077 998 1115 1063 ln

133 1103 252 1168 litteris
276 1102 390 1167 scribit
413 1126 448 1168 se
464 1125 539 1168 cum
554 1102 738 1186 legionibus
756 1101 941 1188 profectum
965 1101 1115 1168 celeriter

110 1207 253 1287 aaffore3
278 1205 438 1284 hortatur,
454 1216 491 1271 ut
505 1206 676 1289 pristinam
694 1206 848 1270 virtutem
865 1206 1017 1270 retineat.
1040 1204 1114 1272 Gal·

133 1310 184 1375 lus
200 1308 382 1394 periculum
399 1311 532 1385 veritus,
553 1319 589 1373 ut
611 1318 682 1374 erat
706 1317 930 1396 praeceptum,
953 1308 1114 1394 tragulam

110 1431 123 1469 ⁸
136 1415 245 1478 mittit
268 1411 362 1476 Haec
378 1435 458 1477 casu
474 1412 517 1476 ad
533 1412 646 1476 turrim
663 1411 813 1477 adhaesit
823 1432 929 1498 neque
942 1410 987 1476 ab
1000 1412 1115 1479 nostris

135 1516 236 1581 biduo
261 1516 491 1580 animadversa
512 1518 610 1580 tertio
632 1515 684 1580 die
706 1538 727 1580 a
750 1514 893 1602 quodam
916 1514 1022 1580 milite
1044 1537 1114 1580 con·

112 1621 282 1704 aspicitur,
306 1620 439 1704 dempta
463 1619 506 1684 ad
520 1619 711 1685 Ciceronem
730 1618 884 1685 defertur.
909 1617 970 1684 Ille
993 1619 1113 1704 perlec-

136 1734 203 1788 tam
227 1726 260 1788 in
285 1733 450 1787 conventu
472 1722 611 1787 militum
634 1725 753 1788 recitat
773 1724 985 1809 maximaque
1002 1745 1111 1789 omnes

101 1827 261 1891 1olaetitia
284 1826 396 1890 afficit.
428 1826 512 1891 Tum
535 1826 616 1891 sumi
638 1827 863 1892 incendiorum
887 1825 1006 1912 procul
1029 1826 1113 1893 vide·

135 1932 271 2014 bantur3
295 1952 379 2016 quae
402 1952 454 1994 res
474 1953 603 1995 omnem
626 1930 865 1997 dubitationem
889 1928 1114 1996 adventuale

133 2036 266 2114 gionum
288 2032 422 2119 expulit.

219 2137 270 2200 49.
289 2136 379 2201 Galli
391 2160 427 2201 re
442 2140 576 2220 cognita
593 2159 652 2223 per
667 2138 896 2224 exploratores
913 2135 1115 2203 obsidionem

133 2241 335 2327 relinquunt,
359 2241 402 2306 ad
418 2239 595 2306 Caesarem
613 2239 764 2307 omnibus
788 2241 890 2326 copiis
906 2241 1115 2320 contendunt,

110 2346 228 2409 illaec
253 2355 346 2411 erant
374 2355 504 2410 armata
527 2347 656 2411 circiter
682 2345 774 2411 milia
796 2363 852 2410 Lx.
897 2342 1017 2410 Cicero
1042 2346 1116 2410 data

134 2448 295 2514 facultate
314 2447 448 2513 Gallum
471 2447 513 2514 ab
538 2447 654 2514 eodem
677 2448 868 2531 Verticone‚
899 2468 995 2532 quem
1021 2468 1116 2534 supra

136 2553 451 2631 demonstravimus,
480 2553 616 2637 repetit,
644 2553 699 2638 qui
722 2551 849 2616 litteras
873 2550 918 2616 ad
940 2548 1114 2617 Caesarem

136 2656 276 2738 deferat;
289 2656 376 2720 hunc
388 2656 554 2738 admonet,
567 2657 628 2719 iter
640 2663 736 2719 caute
745 2654 984 2740 diligenterque
995 2655 1115 2735 faciat3

112 2758 310 2844 sperscribit
332 2761 365 2822 in
388 2758 506 2823 litteris
523 2759 636 2823 hostes
653 2758 694 2823 ab
712 2781 748 2824 se
770 2757 962 2823 discessisse
978 2778 1117 2824 omnem·

111 2884 197 2948 uque
221 2863 264 2928 ad
289 2884 362 2927 eum
385 2863 630 2927 multitudinem
648 2864 860 2927 convertisse.
884 2859 1014 2941 Quibus
1037 2861 1117 2926 litte·

134 2970 179 3030 ris
203 2969 331 3032 circiter
346 2967 456 3032 media
471 2977 569 3032 noete
586 2964 711 3032 Caesar
726 2965 836 3030 allatis
860 2987 937 3030 suos
952 2963 1038 3030 facit
1052 2987 1116 3030 cer·

112 3075 235 3137 otiores
260 3094 381 3157 eosque
406 3072 449 3137 ad
470 3071 692 3136 dimicandum
716 3073 826 3136 animo
850 3069 1037 3135 confirmat
1060 3068 1116 3133 Po·
1153 3097 1158 3100 ⁴

134 3186 222 3241 stero
248 3176 301 3241 die
324 3175 396 3240 luce
419 3177 526 3261 prima
548 3184 658 3240 movet
681 3184 792 3239 castra
814 3183 847 3239 et
873 3172 1006 3239 circiter
1029 3171 1116 3237 milia
1152 3262 1158 3264 ὴ

137 3302 293 3364 passuum
317 3287 475 3364 quattuor
490 3301 683 3364 progressus
699 3289 791 3342 trans
814 3276 933 3342 vallem
957 3285 991 3341 et
1011 3277 1116 3341 rivum

112 3381 375 3448 omultitudinem
390 3383 536 3447 hostium
557 3384 777 3465 conspicatur.
805 3381 888 3445 Erat
910 3379 1024 3463 magni
1040 3378 1118 3465 peri·
1155 3394 1158 3395 ’

135 3485 200 3550 culi
223 3508 276 3551 res
304 3486 443 3552 tantulis
474 3487 579 3571 copiis
601 3487 713 3570 iniquo
737 3485 811 3550 loco
836 3482 1011 3565 dimicare3
1041 3494 1117 3553 tum,

135 3590 293 3675 quoniam
329 3587 501 3654 obsidione
539 3586 713 3653 liberatum
749 3586 941 3652 Ciceronem
981 3584 1117 3668 sciebat,
