2430 4028
123 265 185 329 100
427 268 476 318 DE
495 269 615 321 BELLO
636 272 793 323 GALLICO

121 457 238 522 castris
267 457 434 524 discedere
463 481 503 524 ac
532 483 608 525 suos
640 460 726 525 clam
749 485 791 527 ex
819 464 908 547 agris
937 464 1102 532 deducere

121 572 309 646 coeperunt.

206 664 259 730 31.
283 665 328 730 At
344 667 478 743 Caesar,
502 669 563 732 etsi
585 669 730 734 nondum
754 693 867 736 eorum
882 671 1027 739 consilia
1049 694 1101 738 eo·

121 779 289 852 gnoverat,
313 781 420 834 tamen
439 782 530 837 etex
553 783 673 837 eventu
688 776 822 840 navium
845 796 980 842 suarum
1004 785 1101 842 etex

122 895 171 954 co,
196 873 285 957 quod
308 873 439 939 obsides
462 876 542 940 dare
566 877 822 961 intermiserant,
849 879 919 944 fore
941 878 987 958 id,
1013 879 1101 964 quod

101 976 254 1049 caecidit,
279 977 520 1063 suspicabatur.
543 979 660 1066 ltaque
677 980 720 1046 ad
737 1003 847 1047 omnes
872 1004 971 1048 casus
995 983 1100 1050 subsi-

122 1079 177 1145 dia
200 1081 425 1166 comparabat.
458 1083 542 1147 Nam
566 1094 598 1147 et
620 1084 818 1149 frumentum
841 1108 885 1151 ex
906 1087 998 1171 agris
1023 1090 1101 1151 coti-

124 1184 175 1248 die
201 1186 233 1248 in
257 1194 370 1250 castra
385 1185 577 1252 conferebat
593 1198 625 1253 et
646 1209 728 1272 quae
744 1190 938 1273 gravissime
956 1186 1102 1255 afflictae

122 1298 215 1352 erant
237 1311 350 1370 naves,
375 1311 486 1354 earum
509 1293 648 1356 materia
671 1302 770 1376 atque
793 1314 868 1358 aere
890 1291 935 1356 ad
955 1291 1101 1379 reliquas

121 1392 315 1459 reficiendas
339 1393 493 1458 utebatur
515 1404 547 1459 et
570 1417 654 1480 quae
678 1395 721 1461 ad
744 1417 802 1462 cas
824 1418 876 1462 res
899 1405 997 1462 erant
1019 1398 1100 1479 usui,

101 1520 164 1560 :rex
202 1497 380 1562 continenti
419 1500 621 1581 comportari
660 1497 804 1563 iubebat.
849 1499 986 1584 Itaque,
1030 1522 1101 1565 cnm

121 1622 247 1665 summo
273 1598 380 1664 studio
398 1623 419 1664 a
435 1599 594 1666 militibus
617 1602 911 1682 administraretur,
935 1619 990 1667 ΧΠ
1015 1605 1101 1669 navi·

121 1704 182 1769 bus
211 1703 339 1787 amisis,
367 1704 499 1791 reliquis
527 1716 564 1771 ut
590 1708 740 1788 navigari
773 1705 945 1771 commode
975 1715 1100 1791 posset,

122 1808 237 1872 effecit.

207 1911 258 1974 3⁴2.
283 1913 371 1977 Dum
391 1935 430 1977 ea
453 1924 621 1996 geruntur,
645 1913 774 1998 legione
797 1936 841 1977 ex
863 1914 1103 1980 consuetudine

121 2039 188 2080 una
204 2017 436 2082 frumentatum
459 2019 569 2095 missa,
593 2040 677 2102 quae
694 2016 926 2104 appellabatur
950 2022 1102 2104 septima,

121 2141 226 2203 neque
250 2119 318 2187 ulla
342 2120 434 2185 adid
450 2130 578 2206 tempus
597 2120 673 2185 belli
690 2121 880 2206 suspicione
895 2121 1102 2207 interposita,

122 2245 197 2288 cum
221 2245 297 2306 pars
320 2224 488 2289 hominum
510 2229 544 2292 in
567 2227 654 2310 agris
677 2233 870 2306 remaneret,
902 2246 981 2309 pars
1005 2229 1104 2291 etiam

122 2329 155 2390 in
178 2337 287 2392 castra
309 2331 501 2411 ventitaret,
525 2331 558 2410 ii,
582 2329 637 2413 qui
660 2351 718 2413 pro
737 2330 840 2411 portis
862 2335 1053 2395 castrorum
1073 2330 1103 2393 in

124 2433 264 2496 statione
288 2441 398 2512 erant,
423 2429 558 2496 Caesari
581 2433 814 2496 nuntiaverunt
845 2429 1017 2515 pulverem
1039 2453 1103 2496 ma-

124 2536 236 2616 iorem,
262 2557 360 2619 quam
386 2534 585 2598 sonsuetudo
610 2535 725 2616 ferret,
750 2533 783 2598 in
805 2556 847 2598 ea
868 2543 967 2620 parte
989 2535 1104 2610 videri.

101 2658 220 2722 aquam
244 2641 277 2702 in
301 2647 428 2723 partem
445 2639 529 2722 legio
553 2640 615 2703 iter
637 2638 781 2702 fecisset.
799 2636 923 2703 Caesar
945 2636 991 2715 id,
1017 2639 1104 2726 quod

123 2750 203 2823 erat,
228 2743 423 2825 suspicatus
448 2741 573 2827 aliquid
588 2743 666 2806 novi
681 2764 702 2804 a
717 2739 871 2806 barbaris
887 2742 1007 2809 initum
1031 2765 1104 2810 con·

124 2845 197 2927 silii,
223 2844 391 2921 cohortes,
415 2867 499 2929 quac
523 2847 556 2910 in
580 2842 777 2909 stationibus
801 2851 906 2924 erant,
935 2866 1053 2913 secum
1069 2847 1105 2912 in

122 2972 195 3013 eam
218 2959 346 3033 partem
369 2949 544 3034 proficisci,
569 2971 611 3012 ex
626 2947 760 3035 reliquis
776 2946 858 3013 duas
873 2949 907 3013 in
927 2953 1105 3017 stationem

124 3055 275 3118 cohortes
308 3054 498 3133 succedere,
532 3053 675 3138 reliquas
709 3053 830 3118 armari
865 3061 899 3118 et
927 3053 1105 3121 confestim

100 3173 195 3222 tscse
214 3157 369 3242 subsequi
396 3157 500 3222 iussit.
547 3154 629 3222 (lum
658 3155 757 3241 paulo
789 3156 918 3240 longius
942 3178 964 3221 a
987 3159 1104 3224 casui·

123 3262 355 3347 processisset,
390 3283 467 3327 suos
497 3260 539 3325 ab
572 3258 722 3326 hostibus
746 3260 857 3346 {premi
881 3269 982 3344 atque
1009 3283 1106 3347 aegre

126 3365 287 3430 sustinere
316 3373 348 3428 et
377 3365 524 3430 conferta
545 3364 676 3447 legione
705 3387 748 3429 ex
778 3360 927 3428 omnibus
956 3364 1106 3449 partibus

102 3470 192 3535 ttcla
216 3471 321 3536 conici
338 3469 578 3535 animadvertit.
601 3468 688 3535 Nam
704 3467 794 3554 quod
809 3468 898 3533 omni
913 3488 957 3531 ex
971 3466 1106 3555 reliquis

124 3573 274 3664 partibus
304 3574 452 3639 demesso
482 3574 645 3641 frumento
675 3595 754 3659 pars
784 3594 851 3637 una
873 3580 945 3635 erat
968 3569 1105 3657 reliqua.
