2430 4028
398 251 507 303 ninus
525 252 584 311 vn,
605 251 680 300 osc
700 252 810 307 36-39.
1032 249 1092 313 195

113 443 222 508 subito
238 443 397 509 militibus
416 443 602 525 lacrimans,
617 439 695 528 iquo
709 439 963 528 proficiscimur',
977 442 1090 528 inquit,
1116 471 1127 507 ν

107 544 268 614 ‘militcs?
292 547 406 613 Omnis
421 557 534 612 noster
551 549 724 633 equitatus,
750 550 854 612 omnis
871 545 1026 612 nobilitas
1042 549 1091 611 in-

112 653 219 734 teriit;
247 653 413 737 principes
436 653 596 731 civitatis,
620 651 827 737 Eporedorix
855 660 887 714 et
909 650 1091 716 Viridoma-

111 779 178 838 rus,
204 755 382 820 insimulati
398 755 589 839 proditionis
607 754 648 819 ab
665 755 822 819 Romanis
843 753 967 818 indicta
990 776 1092 818 causa

110 859 274 923 interfecti
306 868 389 922 sunt.
436 859 528 931 Haec
553 858 593 922 ab
627 860 706 942 ipsis
735 859 941 940 cognoscite,
973 859 1026 942 qui
1050 877 1127 920 exc

110 965 187 1047 ipsa
209 963 312 1029 caede
328 963 496 1046 fugerunt3
522 985 597 1027 nam
614 982 674 1044 ego
691 961 848 1026 fratribus
873 970 971 1046 atque
992 962 1091 1025 omni-

111 1065 176 1130 bus
204 1068 287 1130 meis
315 1066 507 1151 propinquis
542 1066 723 1130 interfectis
758 1063 870 1128 dolore
904 1063 1090 1149 prohibeor,

111 1191 197 1254 quae
220 1177 315 1253 gesta
338 1177 413 1233 sunt
436 1165 663 1253 pronuntiare?
705 1168 933 1232 Producuntur
955 1170 986 1249 ii,
1011 1191 1092 1252 quos
1115 1188 1128 1224 4

109 1272 167 1338 ille
199 1272 376 1337 edocuerat
408 1295 490 1357 quae
514 1273 578 1337 dici
601 1271 715 1349 vellet,
740 1282 837 1358 atquc
861 1272 985 1346 eadem,
1010 1292 1092 1355 quae

108 1378 589 1463 Litaviccuspronuntiaverat,
600 1374 799 1441 multitudini
808 1384 992 1461 exponunt:
1006 1375 1094 1459 equi·
1115 1392 1127 1433 ⁵

109 1491 162 1547 tes
187 1490 221 1545 et
242 1480 363 1546 multos
386 1480 578 1545 Aeduorum
600 1480 800 1554 interfectos
826 1479 913 1565 quod
936 1478 1091 1544 collocuti

110 1607 187 1649 cum
203 1583 361 1648 Arvernis
379 1583 579 1666 dicerentur,
595 1586 685 1670 ipsos
702 1607 737 1648 se
753 1585 836 1648 inter
851 1582 1092 1648 multitudinem

107 1687 250 1752 militum
281 1687 464 1753 occultasse
495 1697 592 1772 atquc
622 1710 664 1751 ex
692 1687 801 1752 media
828 1686 929 1751 caede
959 1687 1093 1770 fugisse.

108 1790 331 1858 Conclamant
354 1791 461 1856 Aedui
484 1802 516 1856 et
532 1792 740 1858 Litaviccum
763 1792 946 1873 obsecrant,
970 1802 1006 1856 ut
1031 1791 1092 1857 sibi
1116 1819 1129 1858 o

109 1894 274 1961 consulat.
314 1892 432 1974 ‘Quasi
460 1893 556 1975 vero',
581 1898 686 1982 inquit
709 1897 778 1978 ille,
803 1897 940 1962 ‘consilii
965 1899 1007 1961 sit
1029 1919 1092 1976 res,
1117 1923 1128 1960 τ
1197 1966 1199 1970 ⁴

106 2021 148 2063 ac
173 2020 241 2064 non
264 2021 398 2064 necesse
422 2000 464 2064 sit
486 2001 582 2064 nobis
608 1999 808 2085 Gergoviam
841 2001 1038 2066 contendere
1062 2010 1094 2064 et

105 2125 184 2169 cum
206 2101 364 2168 Arvernis
395 2114 523 2168 nosmet
551 2107 761 2188 coniungere.
807 2106 859 2170 An
894 2103 1127 2185 dubitamus,s

106 2208 187 2293 quin
218 2206 343 2271 nefario
373 2207 519 2272 facinore
543 2207 689 2274 admisso
713 2209 852 2273 Romani
876 2208 941 2272 iarn
967 2207 1008 2271 ad
1032 2229 1092 2271 nos

105 2309 352 2375 interficiendos
369 2315 590 2376 concurrant?
614 2312 766 2390 Proinde,
792 2316 818 2378 si
842 2311 919 2397 quid
942 2313 974 2374 in
996 2308 1092 2375 nobis

105 2415 209 2479 animi
237 2423 300 2495 est,
332 2437 568 2500 persequamur
594 2438 706 2481 eorum
738 2427 893 2498 mortem,
928 2415 983 2499 qui
1012 2412 1093 2478 indi·

105 2521 266 2602 gnissime
282 2518 483 2601 interierunt,
495 2528 591 2605 atque
608 2521 667 2586 hos
680 2521 823 2585 latrones
835 2509 1092 2584 interficiamus.'

106 2619 265 2685 Ostendit
287 2622 377 2686 cives
401 2622 585 2704 Romanos,
619 2625 674 2708 qui
698 2626 766 2688 eius
794 2622 948 2708 praesidii
972 2622 1126 2687 fiducias

106 2747 176 2790 una
199 2731 308 2797 erant3
332 2744 488 2806 magnum
510 2747 679 2790 numerum
703 2726 857 2791 frumenti
875 2735 1092 2791 commeatus-

106 2850 170 2912 que
202 2826 330 2913 diripit,
365 2829 455 2911 ipsos
486 2829 661 2893 crudeliter
691 2832 899 2894 excruciatos
927 2829 1091 2894 interficit.

105 2932 250 2995 Nuntios
267 2939 340 2995 tota
356 2932 487 2997 civitate
504 2931 695 2998 Aeduorum
712 2933 856 3005 dimittit,
873 2932 987 2998 eodem
1003 2955 1127 2997 men-10

104 3036 203 3101 dacio
239 3033 280 3097 de
316 3034 418 3098 caede
454 3038 598 3120 equitum
629 3047 662 3101 ct
695 3040 878 3122 principum
906 3047 1090 3122 permovet3

105 3139 275 3219 bortatur,
300 3145 336 3200 ut
360 3137 457 3202 simili
479 3140 623 3220 ratione,
647 3148 745 3225 atque
769 3142 840 3224 ipse
862 3140 984 3222 fecerit,
1015 3163 1091 3206 suas

104 3243 244 3307 iniurias
268 3250 517 3325 persequantur.

191 3341 243 3407 39.
269 3344 477 3430 Eporedorix
489 3345 634 3429 Aeduus,
660 3369 784 3411 summo
802 3346 874 3412 loco
895 3356 992 3413 natus
1011 3348 1090 3414 adu-

102 3449 232 3514 lescens
249 3457 282 3513 et
297 3469 443 3513 summae
460 3448 546 3514 domi
562 3452 739 3535 potentiae,
768 3460 801 3515 et
823 3473 889 3515 una
906 3450 1090 3516 Viridoma-

102 3576 170 3630 rus,
195 3553 267 3638 pari
294 3561 402 3616 aetate
426 3561 458 3616 et
474 3556 590 3637 gratia,
616 3555 673 3619 sed
693 3576 812 3638 genere
836 3554 968 3638 dispari,
993 3578 1088 3640 quem

881 3677 936 3725 13*
