2430 4028
124 253 167 317 84
428 253 478 302 DE
497 252 617 302 BELLO
638 253 796 303 GALLICO

121 443 313 524 habuerant,
339 443 603 527 demigraverunt
632 452 664 506 et
687 445 734 508 cis
758 441 906 506 Rhenum
931 442 1105 527 dispositis

101 546 296 630 rpraesidiis
313 543 496 610 Germanos
512 547 651 610 transire
670 544 899 631 prohibebant.
922 543 976 608 Illi
992 548 1105 611 omnia

95 651 266 734 experti,
296 670 371 714 cum
392 670 497 734 neque
519 650 553 712 vi
576 647 775 714 contendere
798 656 933 733 propter
954 649 1104 734 inopiam

121 754 255 817 navium
278 774 384 838 neque
406 752 491 816 clam
514 753 654 816 transire
676 761 812 836 propter
843 750 1013 816 custodias
1037 751 1106 816 Me-

122 859 295 942 napiorum
325 865 477 941 possent,
508 858 627 919 reverti
652 877 686 919 se
711 856 744 919 in
769 877 847 920 suas
871 854 967 920 sedes
997 856 1105 939 regio·

101 982 246 1046 suesque
267 959 503 1025 simulaverunt
525 969 558 1024 et
579 958 679 1024 tridui
695 961 781 1023 viam
799 958 966 1043 progressi
988 981 1103 1024 rursus

122 1068 325 1128 reverterunt
346 1073 445 1149 atque
469 1064 556 1128 omni
579 1062 642 1127 hoc
664 1064 781 1126 itinere
803 1084 869 1127 una
891 1071 991 1127 nocte
1014 1064 1104 1148 equi·

121 1177 192 1232 tatu
216 1167 365 1233 confecto
392 1166 515 1232 inscios
537 1167 812 1251 inopinantesque
840 1165 1015 1250 Menapios
1048 1187 1102 1250 op·

101 1280 326 1356 spresserunt,
356 1272 410 1356 qui
439 1270 479 1334 de
509 1267 748 1334 Germanorum
778 1268 928 1334 discessu
963 1290 1025 1354 per
1048 1290 1103 1333 ex-

123 1375 305 1461 ploratores
335 1375 492 1438 certiores
522 1374 600 1438 facti
629 1375 699 1437 sine
722 1382 810 1438 metu
838 1382 930 1437 trans
952 1372 1103 1437 Rhenum

103 1479 153 1541 rin
180 1499 257 1542 suos
286 1479 377 1542 vicos
400 1478 669 1559 remigraverunt.
717 1477 779 1540 His
808 1476 990 1541 interfectis
1012 1478 1104 1540 navi·

124 1580 251 1666 busque
274 1602 385 1646 eorum
410 1581 591 1663 occupatis,
616 1582 805 1665 priusquam
829 1601 869 1642 ea
891 1601 968 1664 pars
991 1578 1105 1643 Mena·

124 1687 262 1770 piorum,
275 1705 359 1768 quae
378 1686 460 1748 citra
473 1682 620 1747 Rhenum
633 1693 713 1764 erat,
732 1684 851 1747 certior
865 1681 968 1764 fieret,
983 1681 1104 1747 flumen

124 1788 323 1853 transierunt
338 1796 436 1872 atque
460 1784 611 1850 omnibus
628 1808 739 1850 eorum
758 1784 916 1860 aedificiis
932 1787 1104 1870 occupatis

49 1953 51 1957 ,
124 1890 282 1975 reliquam
306 1898 432 1975 partem
448 1889 563 1953 hiemis
587 1911 622 1952 se
645 1911 757 1953 eorum
773 1888 878 1972 copiis
900 1886 1064 1953 aluerunt.

212 1993 242 2057 5.
267 1993 329 2056 His
352 1993 393 2058 de
416 1991 513 2057 rebus
537 1990 662 2057 Caesar
685 1994 804 2056 certior
825 1992 933 2056 factus
961 2000 996 2056 et
1017 1991 1104 2055 infir-

124 2099 270 2161 mitatem
294 2095 465 2160 Gallorum
502 2098 640 2177 veritus,
675 2095 764 2181 quod
792 2103 868 2159 sunt
894 2095 927 2159 in
958 2095 1106 2162 consiliis

125 2200 294 2287 capiendis
318 2198 456 2264 mobiles
479 2209 512 2263 et
528 2200 623 2263 novis
639 2198 829 2284 plerumque
845 2197 942 2263 rebus
960 2197 1105 2280 student,

103 2303 204 2376 2nihil
235 2303 286 2368 his
309 2302 578 2367 committendum
602 2302 812 2367 existimavit.
848 2302 909 2366 Est
931 2303 1019 2367 enim
1042 2302 1105 2367 boc

127 2406 276 2472 Gallicae
293 2405 551 2489 consuetudinis,
575 2407 621 2470 uti
645 2415 678 2470 et
695 2407 839 2470 viatores
862 2406 960 2469 etiam
983 2405 1105 2470 invitos

125 2513 303 2576 consistere
325 2518 449 2592 cogant
471 2519 511 2591 et,
536 2510 614 2594 quid
630 2510 766 2595 quisque
788 2530 901 2573 eorum
917 2507 958 2573 de
974 2530 1105 2595 quaque

124 2638 160 2679 re
183 2613 322 2678 audierit
346 2621 402 2677 aut
425 2615 626 2696 cognoverit,
656 2621 826 2696 quaerant,
851 2620 884 2676 et
905 2620 1105 2677 mercatores

125 2722 158 2782 in
182 2716 312 2803 oppidis
335 2716 453 2799 vulgus
477 2719 698 2782 circumsistat
726 2714 910 2801 quibusque
932 2738 975 2781 ex
998 2717 1106 2801 regio·

125 2823 222 2888 nibus
245 2826 380 2888 veniant
395 2844 543 2908 quasque
565 2821 612 2886 ibi
634 2843 687 2886 res
710 2821 936 2903 cognoverint,
959 2841 1104 2905 pronun·

106 2931 210 2995 stiare
232 2936 364 3010 cogant.
394 2926 456 2990 His
479 2923 576 2990 rebus
600 2933 697 3010 atquc
721 2923 943 2989 auditionibus
964 2924 1107 3009 permoti

126 3031 166 3095 de
189 3033 324 3096 summis
347 3053 446 3116 saepe
464 3029 562 3094 rebus
586 3028 725 3094 consilia
748 3031 871 3106 ineunt,
887 3049 1028 3114 quorum
1050 3049 1105 3119 eos

126 3137 159 3198 in
182 3137 319 3219 vestigio
348 3136 515 3221 poenitere
543 3155 678 3199 necesse
706 3142 765 3216 est,
795 3154 868 3197 cum
896 3134 1032 3197 incertis
1055 3155 1105 3196 rn-

127 3237 272 3302 moribus
296 3239 449 3318 serviant,
474 3247 505 3300 et
527 3236 673 3322 plerique
698 3236 741 3300 ad
764 3234 968 3300 voluntatem
991 3256 1104 3300 eorum

127 3340 205 3404 ficta
227 3342 457 3427 respondeant.

212 3442 243 3508 6.
266 3443 342 3524 Qua
365 3443 577 3510 cosuetudine
592 3446 724 3528 cognita
749 3441 882 3521 Caesar,
905 3464 947 3506 ne
962 3442 1107 3526 gravimi

127 3546 214 3615 bello
249 3557 454 3633 occurreret,
491 3549 661 3630 maturius,
698 3568 796 3633 quam
830 3555 1039 3630 consuerat,
1062 3543 1107 3609 ad

321 3667 336 3711 3
