2430 4028
377 813 412 879 C.
436 815 550 880 IULlI
577 814 794 882 CAESARIS

159 974 267 1080 DE
313 974 585 1084 BELLO
633 975 1019 1086 GALLIOO

377 1184 519 1240 LIBER
550 1185 793 1244 SEPTIMUS.

441 1553 731 1609 anemurum.

101 1692 143 1759 [A.
161 1693 195 1744 U.
216 1693 244 1743 C.
264 1693 332 1761 702]
369 1695 437 1744 Cum
461 1694 561 1745 Caesar
584 1700 660 1743 motu
683 1693 786 1743 urbano
810 1695 838 1743 in
860 1692 946 1744 Italia
968 1694 1072 1745 retineri

133 1779 256 1841 serretur,
280 1780 383 1830 multae
403 1779 541 1829 Gallorum
567 1786 661 1844 gentes
686 1779 720 1829 de
742 1779 932 1845 recuperanda
953 1779 1073 1831 libertale

133 1867 289 1930 conspirant
315 1883 338 1915 c.
367 1871 389 1918 l.
424 1867 509 1914 Primi
529 1867 670 1917 Carnutes.
697 1865 798 1914 deinde
824 1865 942 1915 Arverni
969 1872 1072 1917 amore

133 1950 354 2017 Vercingetorige
374 1951 474 2001 bellum
488 1954 653 2017 suscipiuut3
671 1952 713 2000 liis
725 1951 863 2017 Bituriges
880 1967 911 2003 ee
929 1952 1072 2019 adiungunt

133 2051 155 2084 o.
174 2038 249 2086 2-5.
286 2038 387 2088 Caesar
411 2054 444 2087 ex
467 2037 549 2086 Italia
571 2053 696 2087 reversus
720 2038 754 2087 de
776 2038 924 2102 improviso
941 2039 1071 2089 Arvernos

133 2122 239 2171 invadit
262 2128 289 2172 ct
312 2125 440 2188 opprimit
462 2140 486 2172 c.
504 2125 586 2187 6-83
614 2125 768 2189 legionibus
787 2139 869 2191 quam
892 2125 1072 2176 celerrimein

134 2224 216 2257 unum
235 2208 324 2258 locum
344 2210 445 2259 coactis
462 2209 538 2259 Boiis
562 2209 663 2259 auxilio
682 2209 876 2275 proficiscitur,
897 2227 1013 2277 quorum
1033 2225 1071 2274 op

134 2293 228 2357 pidum
248 2294 431 2359 Gorgobinam
450 2295 541 2345 hostes
560 2295 629 2345 duce
647 2295 871 2362 Vercingetorige
888 2298 1072 2363 oppugnetur

135 2396 156 2428 o.
176 2381 269 2432 9-11.
305 2380 336 2429 ln
356 2383 452 2430 itinere
466 2381 713 2446 Vellaunodunum,
727 2382 879 2443 Genabum,
890 2383 1071 2433 Noviodunum

135 2466 235 2529 oppida
259 2467 331 2531 capit
354 2484 377 2515 c.
398 2469 512 2528 12-133
537 2466 633 2516 deinde
657 2468 812 2530 Araricum,
835 2468 881 2517 cui
906 2468 961 2519 coli
986 2466 1072 2519 ceteris

136 2553 285 2617 Biturigum
302 2552 408 2617 oppidis
421 2554 541 2602 incensis
554 2552 628 2602 Galli
640 2558 826 2618 pepercerant,
839 2570 901 2603 cum
914 2552 1073 2620 aliquamdiu

135 2638 239 2687 fortiter
257 2637 396 2687 defensum
421 2644 508 2699 esset,
528 2644 665 2703 expugnat
688 2654 710 2688 o.
736 2639 846 2687 14-27.
881 2639 956 2690 Dum
974 2639 1073 2690 Gallia

135 2723 357 2788 Vercingetorige
370 2724 476 2774 incitati
488 2724 561 2774 bello
574 2725 756 2774 continuando
771 2739 882 2790 operam
894 2725 971 2788 dant,
983 2726 1073 2776 cnoro

136 2809 291 2859 Aeduorum
316 2811 402 2859 turbis
427 2826 443 2858 a
460 2810 533 2859 bello
552 2816 682 2859 avocatur
705 2827 729 2861 c.
747 2810 863 2873 atr-333
890 2811 991 2875 quibus
1012 2826 1073 2861 com

135 2896 229 2960 positis
246 2896 399 2946 Labienum
426 2912 487 2945 cum
512 2898 646 2946 exercitus
664 2902 740 2961 parte
764 2898 792 2946 in
812 2895 936 2947 Senones
952 2897 1073 2948 Parisior-

135 2998 187 3046 que
214 2982 338 3047 dclegat:
371 2984 428 3046 ipse
456 2982 491 3031 ad
519 2982 681 3046 Gergoviam
711 2982 894 3047 proficiscitur
919 2998 945 3033 c.
971 2981 1073 3033 ild-3&

135 3068 213 3117 Hanc
240 3083 414 3132 oppugnans,
442 3084 502 3117 curn
529 3069 626 3117 iterum
655 3070 683 3116 in
703 3068 805 3118 Aeduis
831 3068 930 3118 turbae
948 3070 1073 3119 oxomae

136 3160 226 3203 essent
249 3171 271 3205 c.
297 3155 412 3203 32-39.
441 3153 541 3204 Caesar
567 3155 730 3203 auxiliorum
756 3156 790 3203 ab
816 3153 918 3203 Aeduis
942 3155 1074 3205 missoru-

136 3240 279 3290 defectioni
305 3256 465 3289 occursurue
485 3257 544 3289 cum
569 3241 703 3290 exercitus
727 3246 802 3306 parte
820 3240 864 3289 bia
887 3240 999 3292 obviam
1022 3255 1075 3308 pru·

135 3326 265 3376 ficiscitur
283 3344 306 3375 c.
325 3327 368 3379 40.
403 3326 514 3376 Interim
541 3332 630 3376 castra
657 3341 739 3392 aegre
758 3327 794 3376 ab
813 3325 956 3378 Gallorum
982 3329 1075 3393 impetu

136 3413 316 3463 defenduntur
343 3429 365 3462 o.
384 3413 426 3462 4¹.
462 3411 530 3462 Cum
559 3427 684 3462 reversus
711 3418 784 3462 esset
810 3412 839 3460 in
867 3417 960 3463 castra
976 3412 1075 3471 (lacau.

135 3498 222 3548 Aedui
241 3498 370 3549 deficiunt
394 3514 417 3549 c.
435 3499 476 3557 42,
503 3500 543 3548 43.
579 3499 694 3548 Romani
720 3497 883 3564 Gergoviam
909 3499 1015 3566 impetu
1039 3512 1076 3549 ea·
