2430 4028
122 278 163 343 28
426 281 477 329 nn
495 281 616 331 annno
636 281 795 332 aanmco

123 470 222 533 armis
245 490 318 533 esse
333 467 572 552 praedicabant
592 471 839 554 (saepenumero
863 493 936 537 sese
959 471 1108 538 cumbis

123 594 318 656 congressos
341 594 383 635 ne
401 570 525 637 vultum
542 574 673 658 quidem
692 583 789 659 atque
813 576 916 638 aciem
937 575 1109 642 oculorum

123 674 278 740 dicebant
301 677 385 740 ferre
402 677 573 762 potuisse),
597 686 707 742 tantus
724 678 831 743 subito
856 681 953 745 timor
975 702 1108 745 omnem

123 782 305 844 exercitum
335 780 519 864 occupavit,
555 789 590 845 ut
619 803 684 845 non
719 781 928 847 mediocriter
961 785 1108 849 omnium

102 893 247 952 amentes
277 885 470 968 animosque
501 884 717 969 perturbaret.
762 886 827 949 Hic
850 886 990 971 primum
1015 895 1109 952 ortus

124 998 175 1054 est
198 1011 219 1053 a
233 987 372 1053 tribunis
396 987 544 1061 militum,
560 991 735 1074 praefectis
752 989 959 1076 reliquisque,
984 993 1040 1075 qui
1063 1013 1108 1055 ex

123 1091 204 1156 urbe
227 1093 392 1156 amicitiae
415 1113 517 1155 causa
534 1090 709 1156 Caesarem
734 1094 837 1157 secuti
860 1116 926 1158 non
948 1114 1109 1176 magnum

101 1201 156 1263 ain
185 1218 219 1262 re
251 1195 382 1261 militari
410 1216 506 1259 usum
535 1195 719 1261 habebant:
755 1219 892 1281 quorum
922 1196 1005 1261 alius
1040 1197 1110 1262 alia

125 1323 226 1365 causa
249 1298 351 1378 illata,
379 1321 477 1383 quam
501 1297 563 1362 sibi
592 1298 636 1363 ad
658 1299 934 1383 proficiscendum
955 1321 1109 1365 necessa·

123 1406 206 1470 riam
230 1425 304 1467 esse
328 1402 458 1479 diceret,
482 1401 627 1486 petebat,
659 1412 696 1467 ut
717 1405 787 1467 eius
810 1403 981 1469 voluntate
1004 1403 1110 1468 disce·

124 1507 200 1571 dere
229 1504 357 1588 liceret3
393 1505 540 1568 nonnulli
568 1505 693 1589 pudore
727 1505 878 1589 adducti,
912 1516 948 1571 ut
979 1509 1109 1572 timoris

102 1610 347 1694 rsuspicionem
364 1610 516 1681 vitarent,
539 1608 762 1673 remanebant.
786 1610 831 1673 Hi
853 1632 958 1695 neque
981 1609 1109 1676 vultum

123 1713 246 1795 fingere
276 1733 383 1796 neque
420 1709 583 1774 interdum
614 1711 768 1776 lacrimas
798 1722 908 1776 tenere
937 1722 1108 1798 poterant3

124 1815 228 1880 abditi
251 1816 285 1879 in
307 1813 528 1879 tabernaculis
551 1824 609 1879 aut
632 1837 725 1879 suum
748 1816 851 1879 fatum
875 1815 1107 1902 querebantur,

125 1930 182 1984 aut
210 1942 285 1984 curn
308 1919 525 1984 familiaribus
549 1922 615 1984 suis
647 1943 819 1986 commune
847 1919 1026 2006 periculum
1050 1925 1109 1986 mi·

103 2023 329 2089 aserebantur.
354 2021 462 2105 Vulgo
486 2024 565 2087 totis
589 2024 707 2087 castris
729 2032 927 2087 testamenta
957 2021 1110 2108 obsigna·

124 2131 256 2195 bantur.
285 2129 414 2193 Horum
444 2128 581 2193 vocibus
613 2150 652 2192 ac
675 2130 792 2192 timore
816 2127 976 2213 paulatim
1007 2129 1108 2190 etiam

124 2236 157 2309 ii,
183 2234 237 2318 qui
265 2255 420 2317 magnum
452 2234 485 2296 in
515 2233 633 2297 castris
662 2253 757 2295 usum
779 2230 957 2312 habebant,
987 2230 1109 2295 milites

126 2337 396 2420 centurionesque
428 2337 548 2420 quique
577 2335 734 2419 equitatui
763 2343 947 2419 praeerant,
981 2343 1108 2419 pertur-

104 2437 298 2503 sbabantur.
328 2438 391 2520 Qui
423 2460 457 2502 se
481 2461 523 2502 ex
551 2435 602 2501 his
625 2440 732 2501 minus
761 2436 894 2501 timidos
924 2438 1108 2501 existimari

126 2539 291 2622 volebant,
316 2563 380 2604 non
411 2564 445 2605 se
468 2539 595 2605 hostem
619 2543 741 2621 vereri,
777 2540 834 2604 sed
864 2541 1033 2624 angustias
1058 2542 1108 2604 iti·

125 2646 230 2724 neris,
264 2645 522 2728 magnitudinem
556 2645 726 2721 silvarum,
758 2665 842 2727 quae
869 2642 1110 2708 intercederent

126 2750 209 2811 inter
234 2750 324 2831 ipsos
342 2757 440 2833 atqua
453 2749 666 2825 Ariovistum,
691 2756 749 2812 aut
764 2768 834 2811 rem
848 2745 1108 2830 frumentariam,

126 2861 161 2915 ut
177 2851 256 2914 satis
274 2850 445 2915 commode
470 2853 656 2937 supportari
673 2860 796 2935 posset,
812 2852 925 2915 timere
942 2850 1109 2915 dicebant.

104 2954 283 3020 rNonnulli
305 2957 404 3019 etiam
429 2952 562 3018 Caesari
587 2953 792 3028 nuntiabant,
817 2976 891 3017 cum
907 2963 1018 3018 castra
1039 2977 1109 3019 mo-

126 3061 195 3124 veri
212 3082 251 3123 ac
275 3061 371 3144 signa
387 3061 463 3123 ferri
486 3061 644 3141 iussisset,
661 3081 726 3122 non
744 3058 813 3121 fore
830 3056 917 3121 dicto
936 3056 1109 3123 audientes

127 3162 246 3228 milites
269 3185 376 3248 neque
398 3172 534 3247 propter
556 3163 705 3226 timorem
729 3164 823 3245 signa
845 3160 981 3226 laturos.

212 3265 265 3331 40.
288 3267 382 3330 Haec
407 3289 480 3330 curn
500 3266 797 3348 animadvertisset,
822 3274 1005 3330 convocato
1031 3287 1109 3331 con·

128 3368 200 3433 silio
225 3370 432 3453 omniumque
457 3368 608 3432 ordinum
631 3367 675 3432 ad
697 3368 731 3432 id
754 3367 925 3433 consilium
950 3367 1109 3434 adhibitis

128 3472 388 3555 centurionibus,
423 3471 633 3536 vehementer
662 3493 718 3536 eos
754 3473 933 3536 incusavit:
968 3474 1110 3556 primum

129 3573 226 3659 quod,
250 3583 306 3638 aut
329 3597 425 3660 quam
454 3577 488 3638 in
511 3584 639 3658 partem
669 3583 725 3638 aut
756 3595 819 3659 quo
849 3575 987 3640 consilio
1012 3575 1109 3642 duce·
