2430 4028
393 273 503 322 nisan
519 271 580 335 vn,
600 271 675 324 err.
694 271 805 321 42-45.
1027 269 1087 334 199

105 463 251 530 rioribus
275 462 392 528 diebus
415 464 471 527 vix
495 484 574 549 prae
603 461 809 526 multitudine
833 462 921 525 cerni
946 467 1110 544 poteratr

105 566 298 632 Admiratus
315 568 443 650 quaerit
459 588 502 630 ex
517 565 663 650 perfugis
683 586 817 628 causam
827 612 835 643 ‚
861 586 998 649 quorum
1020 585 1088 626 ma·

105 692 190 754 gnus
208 669 251 734 ad
274 690 348 733 eum
369 667 491 733 cotidie
512 690 664 732 numerus
687 665 885 731 confluebat.
906 665 1110 731 Constabats

104 775 191 838 inter
215 793 337 853 omnes,
362 770 450 856 quod
466 775 532 835 iam
548 774 618 856 ipse
632 769 755 835 Caesar
778 793 836 855 per
860 770 1088 855 exploratores

105 885 325 962 cognoverat,
356 873 489 939 dorsum
520 897 592 939 esse
615 875 682 940 eius
712 876 778 958 iugi
803 873 951 938 silvestre
979 883 1011 937 et
1034 896 1090 938 an·

104 990 251 1064 gustum,
280 978 338 1044 sed
368 977 442 1042 hino
466 999 568 1062 prope
592 1000 749 1064 aequum,
785 1000 849 1064 qua
872 987 959 1041 esset
982 975 1091 1042 aditus

102 1084 147 1149 ad
176 1082 315 1148 alteram
342 1090 468 1166 partem
497 1081 627 1167 oppidi;
662 1082 872 1146 vehementer
907 1081 982 1145 huic
1016 1079 1113 1145 illos4

102 1187 178 1252 loco
202 1189 318 1251 timere
334 1206 395 1249 nec
419 1186 485 1247 iam
509 1182 604 1249 aliter
627 1187 746 1250 sentire
769 1208 834 1250 uno
859 1184 943 1249 colle
968 1183 1008 1247 ab
1029 1183 1091 1247 Ro·

104 1292 217 1355 manis
241 1299 414 1373 occupato,
440 1289 465 1351 si
493 1287 630 1352 alterum
655 1291 851 1365 amisissent,
881 1291 957 1373 quin
986 1309 1091 1373 paene

104 1391 347 1459 circumvallati
365 1401 462 1476 atque
480 1394 565 1455 omni
586 1395 677 1455 exitu
700 1402 733 1456 et
756 1391 969 1477 pabulatione
994 1394 1088 1455 inter-

103 1498 189 1562 clusi
213 1495 419 1559 viderentur:
443 1496 486 1560 ad
508 1496 594 1561 hunc
611 1496 822 1560 muniendum
846 1517 957 1560 omnes
974 1518 994 1558 a
1010 1494 1112 1557 Ver-⁵

105 1599 310 1684 cingetorige
340 1607 505 1663 evocatos.

149 1724 151 1728 ’
190 1701 243 1765 45.
278 1703 353 1766 Hac
381 1725 415 1766 re
450 1705 583 1787 cognita
613 1701 737 1768 Caesar
770 1704 870 1766 mittit
905 1702 1089 1787 complures

107 1808 255 1893 equitum
283 1813 427 1884 turmas3
461 1809 507 1871 eis
538 1805 578 1870 de
612 1807 721 1870 media
746 1805 851 1870 'noete
888 1807 1026 1892 imperat
1055 1815 1091 1871 ut

103 1909 204 1995 paulo
227 1908 458 1973 tumultuosius
481 1909 633 1975 omnibus
648 1909 731 1974 locis
747 1920 956 1993 vagarentur.
981 1910 1113 1973 Prima2

106 2014 181 2078 luce
204 2034 360 2096 magnum
383 2036 553 2079 numerum
577 2013 883 2098 impedimentorum
908 2035 949 2076 ex
973 2015 1090 2078 castris

103 2115 332 2201 mulorumque
360 2117 497 2200 produci
528 2117 633 2203 deque
661 2117 711 2182 his
748 2124 927 2180 stramenta
964 2115 1090 2179 detrahi

105 2219 334 2305 mulionesque
359 2242 434 2286 cum
450 2219 634 2284 cassidibus
651 2221 797 2306 equitum
814 2221 922 2305 speeie
939 2241 978 2284 ac
995 2221 1092 2284 simu·

105 2321 233 2388 latione
256 2323 394 2389 collibus
418 2324 619 2389 circumvehi
636 2324 735 2389 iubet.
769 2324 827 2389 His
851 2345 976 2407 paucos
1001 2323 1114 2389 additss

104 2427 252 2512 equites,
284 2429 339 2512 qui
368 2427 467 2493 latius
498 2429 728 2493 ostentationis
759 2449 861 2492 causa
883 2435 1092 2510 vagarentur.

105 2530 227 2614 Longo
251 2531 391 2595 circuitu
406 2531 540 2595 easdem
565 2552 677 2594 omnes
694 2529 786 2594 iubet
801 2540 912 2615 petere
932 2531 1092 2613 regiones.

105 2633 204 2697 Haec
228 2632 343 2716 procul
367 2655 408 2697 ex
434 2632 555 2718 oppido
580 2632 793 2715 videbantur,
818 2642 854 2696 ut
877 2640 947 2696 erat
970 2655 989 2695 a
1014 2631 1116 2696 Ger-4

105 2737 208 2821 govia
232 2735 405 2822 despectus
429 2737 461 2800 in
485 2745 605 2815 castra,
631 2757 736 2820 neque
759 2744 851 2801 tanto
870 2736 988 2820 spatio,
1013 2737 1093 2800 certi

105 2839 187 2926 quid
199 2848 297 2921 esset,
315 2838 482 2924 explorari
498 2848 639 2924 poterat.
665 2840 845 2924 Legionem
863 2861 961 2903 unam
977 2838 1114 2903 eodem⁵

104 2945 185 3026 iugo
210 2943 310 3007 mittit
325 2950 357 3006 et
373 2942 506 3026 paulum
530 2964 740 3027 progressam
755 2942 908 3007 inferiore
924 2943 1093 3007 constituit

106 3045 183 3111 loco
220 3043 376 3132 silvisque
413 3045 566 3111 occultat.
612 3045 763 3130 Augetur
795 3045 901 3111 Gallis
937 3046 1115 3130 suspiciat

106 3159 210 3236 atque
235 3170 346 3215 omnes
370 3148 425 3215 illo
442 3149 486 3214 ad
502 3149 714 3214 munitionem
735 3152 851 3234 copiae
867 3148 1092 3213 traducuntur.

106 3253 228 3318 Vacua
251 3261 361 3317 castra
377 3253 518 3318 hostium
537 3251 660 3317 Caesar
676 3253 886 3338 conspicatus
906 3256 1002 3318 tectis
1019 3254 1115 3316 insi-⁷

107 3354 229 3442 gnibus
253 3378 385 3422 suorum
404 3356 641 3442 occultatisque
666 3357 768 3442 signis
784 3354 977 3421 militaribus
1000 3378 1093 3421 raros

109 3461 249 3545 milites,
272 3482 315 3527 ne
339 3483 381 3525 ex
405 3461 526 3546 oppido
552 3460 904 3539 animadverterentur,
929 3482 971 3523 ex
993 3461 1094 3524 maio·

106 3565 201 3631 ribus
224 3565 344 3633 cmtris
360 3565 393 3627 in
410 3565 537 3628 minora
553 3563 699 3630 traducit
719 3562 909 3650 legatisque,
934 3584 1016 3648 quos
1032 3562 1118 3626 sin-s
