2430 4028
335 251 446 300 urana
463 250 538 314 vm,
558 248 634 301 one.
653 247 767 300 as-ee.
976 246 1036 312 251

60 441 251 508 cohortibus
268 439 381 505 divisis
398 442 485 506 trina
497 439 724 505 excelsissimo
739 439 812 506 loco
825 448 933 503 castra
944 439 1039 522 fecit,

61 571 82 610 a
115 546 232 633 quibus
267 544 442 630 paulatim,
477 552 635 629 quantum
669 546 785 630 copiae
819 542 1061 629 patiebantur,2

61 649 186 715 vallum
208 652 242 714 in
267 649 380 734 oppidi
404 649 575 713 circuitum
604 647 722 713 ducere
744 647 892 712 instituit.

150 751 200 816 34.
218 753 317 834 Quod
332 775 407 818 cum
421 752 720 818 animadverterent
732 752 890 837 oppidani
901 754 1040 816 miserri-

62 879 182 941 maque
205 857 336 922 Alesiae
360 857 519 921 memoria
542 856 673 921 solliciti
693 855 831 921 similem
848 877 961 920 casum
985 854 1041 920 ob·

63 962 220 1026 sessionis
236 970 433 1040 vererentur,
458 962 666 1045 maximeque
690 982 732 1024 ex
756 958 905 1023 omnibus
924 959 1041 1023 Lucte-

60 1067 139 1147 rius,
163 1068 218 1150 qui
241 1067 391 1130 fortunae
415 1063 500 1138 illius
524 1063 706 1148 periculum
729 1063 870 1143 fecerat,
893 1072 1041 1127 moneret

62 1170 215 1233 frumenti
238 1171 399 1233 rationem
422 1190 495 1231 esse
518 1165 721 1247 habendam,
749 1167 953 1232 constituunt
976 1188 1040 1230 om-

61 1273 152 1336 niurn
175 1294 337 1338 consensu
359 1282 454 1357 parte
477 1270 523 1335 ibi
544 1270 664 1336 relicta
687 1272 856 1355 copiarum
879 1270 943 1354 ipsi
966 1293 1041 1335 cum

62 1375 226 1461 expeditis
251 1376 294 1440 ad
317 1374 561 1459 importandum
576 1374 776 1439 frumentum
792 1373 966 1458 proficisci.
990 1375 1063 1439 Eos

62 1478 199 1542 consilio
221 1477 361 1562 probato
386 1479 538 1562 proxima
561 1486 658 1542 noete
683 1475 811 1541 duobus
835 1476 967 1541 milibus
991 1500 1042 1541 ar-

62 1590 227 1646 matorum
263 1580 386 1645 relictis
420 1580 563 1666 reliquos
598 1603 640 1644 ex
675 1579 795 1664 oppido
826 1580 980 1665 Drappes
1009 1590 1042 1645 et

63 1686 240 1750 Lucterius
264 1684 415 1749 educunt.
442 1684 487 1748 Hi
503 1706 627 1768 paucos
645 1682 714 1748 dies
730 1685 847 1748 morati
864 1706 907 1747 ex
922 1682 1063 1750 finibuse

64 1786 308 1866 Cadurcorum,
339 1789 392 1872 qui
423 1789 543 1871 partim
571 1811 605 1852 re
633 1788 846 1852 frumentaria
870 1785 1043 1851 sublevare

65 1913 124 1957 eos
147 1882 345 1977 cupiebant,
364 1893 485 1977 partim
508 1890 691 1977 prohibere,
719 1912 782 1975 quo
806 1892 914 1954 minus
938 1912 1043 1954 sume·

65 2004 149 2077 rent,
165 2016 230 2058 non
248 2003 411 2079 poterant,
429 2016 585 2077 magnum
601 2015 771 2058 numerum
787 1994 940 2058 frumenti
956 2015 1042 2057 oom-

65 2108 196 2183 parant,
212 2120 457 2183 nonnumquam
471 2107 580 2162 autem
597 2095 863 2182 expeditionibus
875 2098 1043 2161 nocturnis

64 2201 202 2266 castella
234 2212 422 2266 nostrorum
451 2201 653 2266 adoriuntur.
701 2199 808 2281 Quam
839 2198 881 2264 ob
909 2221 1067 2269 causam

66 2305 171 2371 Gaius
196 2305 353 2371 Caninius
378 2315 447 2370 toto
473 2305 595 2391 oppido
619 2307 816 2369 munitiones
839 2303 1044 2368 circumdare

65 2418 223 2487 moratur,
247 2432 288 2474 ne
311 2418 368 2474 aut
391 2432 474 2496 opus
490 2409 647 2490 {effectum
671 2408 752 2471 tueri
771 2429 836 2471 non
860 2407 965 2490 possit
987 2415 1045 2470 aut

64 2512 214 2599 plurimis
239 2514 272 2575 in
295 2511 377 2576 locis
400 2512 530 2575 infirma
554 2511 708 2595 disponat
731 2508 907 2593 praesidia.

154 2614 206 2680 35.
229 2616 354 2698 Magna
370 2617 467 2700 copia
484 2615 637 2678 frumenti
661 2621 853 2697 comparata
870 2612 1044 2677 considunt

65 2720 221 2805 Drappes
247 2731 279 2785 et
295 2720 469 2784 Lucterius
486 2740 551 2781 non
574 2716 704 2802 longius
728 2715 770 2780 ab
789 2715 910 2800 oppido
931 2714 1044 2779 decem

65 2823 209 2905 milibus,
234 2823 319 2886 unde
343 2820 504 2906 paulatim
527 2821 723 2884 frumentum
747 2821 779 2882 in
797 2818 953 2903 oppidum
970 2841 1045 2904 sup·

66 2936 246 3014 portarent.
270 2927 337 3011 Ipsi
358 2930 443 2992 inter
459 2949 493 2990 se
514 2927 702 3009 provincias
722 2926 920 3007 partiuntur:
937 2923 1066 3007 Drap-s

66 3053 126 3116 pes
156 3033 273 3095 eastris
303 3030 467 3115 praesidio
499 3051 573 3093 cum
596 3037 690 3112 parte
718 3030 888 3110 copiarum
911 3026 1044 3108 restitit,

67 3135 242 3198 Lucterius
272 3153 389 3215 agmen
423 3135 641 3197 iumentorum
675 3131 719 3195 ad
754 3130 911 3215 oppidum
946 3129 1044 3194 ducit.

67 3238 249 3322 Dispositis
272 3238 319 3302 ibi
344 3236 516 3322 praesidiis
540 3235 620 3300 hora
644 3236 750 3299 noctis
775 3236 903 3298 circiter
918 3233 1067 3300 decimas

68 3341 272 3407 silvestribus
300 3341 515 3425 angustisque
548 3338 718 3403 itineribus
755 3337 954 3401 frumentum
987 3338 1045 3400 im·

68 3454 200 3530 portare
234 3447 266 3508 in
303 3443 460 3529 oppidum
494 3443 643 3506 instituit.
690 3440 838 3522 Quorum
874 3441 1068 3524 strepitums

68 3547 185 3632 vigiles
214 3558 397 3613 castrorum
420 3568 495 3611 cum
525 3546 719 3622 sensissent,
754 3541 1044 3627 exploratoresque
