2430 4028
187 272 248 335 114
494 272 543 321 DE
563 272 681 320 BELLO
703 271 861 322 GALLICO

185 466 320 527 teriones
343 461 489 546 plerique
513 462 677 525 frumenta
699 483 764 524 non
789 469 909 539 serunt,
941 459 1000 526 sed
1021 460 1114 526 lacte
1137 473 1169 526 et

184 587 282 631 carne
305 566 420 630 vivunt
443 564 650 651 pellibusque
674 572 750 630 sunt
770 565 891 630 vestiti.
937 560 1065 631 Omnes
1088 587 1167 631 vero

184 693 219 736 se
242 671 393 735 Britanni
421 672 505 734 vitro
535 668 699 751 inficiunt,
735 667 823 753 quod
853 666 1042 733 caeruleum
1067 668 1170 733 efficit

184 772 337 855 colorem,
351 782 450 858 atque
462 773 526 838 hoc
540 772 740 837 horridiores
753 780 829 837 sunt
844 773 996 856 inpugna
1008 780 1167 856 aspectn3

160 875 368 962 scopuloque
385 885 460 941 sunt
482 878 646 960 promisso
671 885 769 960 atque
793 876 880 939 omni
896 883 993 960 parte
1015 877 1168 961 corporis

159 994 259 1044 trasa
281 987 411 1065 praeter
433 988 534 1065 caput
557 988 588 1044 et
611 977 740 1043 labrum
763 979 923 1064 superius.
946 975 1082 1043 Uxores
1108 977 1165 1043 ha·

182 1084 261 1148 bent
283 1083 358 1148 deni
374 1081 581 1168 duodenique
603 1083 687 1146 inter
710 1104 744 1146 se
760 1103 950 1146 communes
966 1089 999 1146 et
1020 1082 1167 1147 maxime

160 1187 299 1251 ofratres
323 1208 397 1251 cum
425 1185 580 1251 fratribus
607 1194 826 1270 parentesque
845 1205 921 1250 cum
942 1181 1075 1269 liberis3
1107 1183 1165 1251 sed

182 1294 238 1376 qui
267 1299 342 1355 sunt
373 1312 415 1355 ex
438 1289 489 1354 his
512 1291 599 1367 nati,
630 1310 742 1353 eorum
765 1287 929 1354 habentur
952 1286 1067 1369 liberi,
1101 1309 1165 1375 qno

181 1395 322 1478 primum
344 1395 437 1476 virgo
462 1415 612 1479 quaeque
636 1392 778 1457 deducta
801 1401 861 1457 est.

268 1495 318 1559 15.
342 1498 479 1582 Equites
494 1496 637 1561 hostium
654 1496 875 1581 essedariique
893 1497 1015 1560 acriter
1036 1495 1163 1582 proelio

180 1621 255 1664 cum
279 1603 427 1685 equitatu
449 1609 562 1665 nostro
586 1602 619 1664 in
643 1601 758 1664 itinere
784 1598 1024 1676 conflixerunt,
1054 1607 1164 1663 tamen

180 1712 215 1767 ut
237 1705 339 1767 nostri
363 1703 512 1768 omnibus
536 1701 684 1789 partibus
709 1703 894 1789 superiores
916 1702 1037 1767 fuerint
1061 1711 1161 1788 atque

158 1829 237 1871 aeos
253 1809 287 1870 in
305 1805 405 1871 silvas
423 1804 589 1892 collesque
605 1805 837 1892 compulerint3
861 1804 919 1870 sed
935 1803 1162 1890 compluribus

179 1910 359 1973 interfectis
382 1910 534 1995 cupidius
549 1911 688 1973 insecuti
706 1908 882 1974 nonnullos
899 1931 942 1972 ex
961 1909 1030 1973 suis
1047 1910 1162 1974 amise

157 2021 264 2076 arunt.
290 2012 335 2076 At
357 2010 404 2076 illi
427 2014 612 2077 intermisso
630 2014 736 2098 spatio
755 2010 1018 2096 imprudentibus
1039 2013 1162 2077 nostris

179 2124 278 2201 atque
302 2119 473 2201 occupatis
489 2119 523 2180 in
538 2118 718 2181 munitione
734 2125 917 2180 castrorum
934 2112 1043 2179 subito
1069 2138 1107 2180 se
1121 2137 1162 2181 ex

180 2221 271 2285 silvis
294 2222 460 2286 eiecerunt
483 2222 673 2305 impetuque
689 2221 722 2283 in
739 2241 795 2284 eos
811 2219 911 2291 facto,
935 2219 992 2303 qui
1013 2227 1111 2284 erant
1131 2221 1162 2283 in

180 2326 321 2390 statione
343 2346 403 2413 pro
427 2326 548 2388 castris
572 2322 743 2404 collocati,
775 2324 894 2388 acriter
917 2332 1161 2407 pugnaverunt,

158 2427 372 2515 adnabusque
406 2431 514 2494 missis
549 2427 698 2494 subsidio
732 2427 926 2493 cohortibus
959 2449 980 2492 a
1014 2426 1161 2494 Caesare

178 2542 276 2618 atque
292 2533 342 2598 his
355 2536 467 2618 primis
479 2533 641 2616 legionum
659 2533 806 2613 duarum,
816 2554 890 2597 cum
904 2532 967 2596 hae
979 2535 1160 2618 perexiguo

178 2637 361 2701 intermisso
392 2635 457 2701 loci
487 2638 595 2722 spatio
623 2639 708 2701 inter
731 2658 766 2699 se
798 2637 1042 2719 constitissent,
1073 2658 1159 2702 novo

179 2761 298 2822 genere
321 2762 453 2824 pugnae
475 2742 657 2825 perterritis
686 2741 806 2804 nostris
831 2761 889 2823 per
911 2737 1037 2805 medios
1061 2739 1161 2805 auda·

179 2843 308 2908 eissime
320 2855 537 2929 perruperunt
550 2866 648 2929 seque
664 2843 739 2908 inde
758 2842 940 2908 incolumes
955 2854 1160 2929 receperunt

156 2947 228 3011 sEo
253 2947 305 3012 die
331 2946 473 3027 Quintus
497 2948 660 3014 Laberius
683 2947 811 3023 Durus,
842 2946 993 3011 tribunus
1011 2946 1159 3023 militum,

178 3050 378 3116 interficitur.
423 3051 475 3115 llli
510 3051 658 3137 pluribus
687 3049 857 3116 submissis
886 3049 1080 3116 cohortibus
1114 3073 1161 3115 re·

178 3152 355 3238 pelluntur.

266 3257 315 3321 16.
339 3258 424 3323 Toto
441 3258 504 3324 hoc
520 3261 553 3323 in
569 3280 687 3342 genere
710 3280 852 3344 pugnae,
875 3277 952 3320 cum
967 3255 1029 3321 sub
1054 3256 1159 3322 oculis

179 3362 323 3426 omnium
347 3383 387 3425 ac
409 3384 469 3446 pro
494 3363 612 3427 castris
636 3362 861 3443 dimicaretur,
885 3358 1090 3425 intellectum
1111 3369 1160 3425 est

177 3474 308 3530 nostros
339 3474 473 3551 propter
502 3467 697 3549 gravitatem
720 3485 901 3544 armorum,
936 3461 1026 3547 quod
1053 3484 1159 3550 neque

175 3570 304 3654 insequi
327 3569 481 3635 cedentes
504 3580 641 3655 possent
663 3590 768 3654 neque
795 3566 838 3633 ab
863 3566 966 3652 signis
988 3565 1159 3634 discedere
