2430 4028
392 246 503 296 LIBER
522 244 581 307 Vll,
601 243 677 294 CAP.
697 244 807 296 59-62.
1024 243 1087 307 209

102 438 255 504 celeriter
278 439 518 504 transmittitur.
542 437 618 502 Uno
641 437 709 502 fere
724 445 872 521 tempore
896 435 956 500 sub
981 435 1110 500 lucems

103 543 256 608 hostibus
288 542 468 623 nuntiatur,
501 543 535 604 in
569 540 685 604 castris
713 539 935 603 Romanorum
958 547 1089 624 praeter

101 646 376 712 consuetudinem
395 643 596 724 tumultuari,
614 652 646 707 et
662 665 819 728 magnum
835 644 881 706 ire
898 664 1015 725 agmen
1031 643 1088 708 ad·

103 771 199 815 verso
223 749 356 813 flumine
383 748 589 832 sonitumque
612 769 776 811 remorum
798 747 832 810 in
856 745 972 811 eadem
994 756 1088 831 parte

102 851 257 918 exaudiri
281 860 313 916 et
335 851 433 935 paulo
450 850 536 915 infra
559 849 679 914 milites
703 849 843 914 navibus
860 851 1090 935 transportari.

103 954 235 1036 Quibus
251 953 349 1018 rebus
367 953 503 1035 auditis,
527 952 615 1037 quod
634 952 869 1017 existimabant
886 952 991 1017 tribus
1007 953 1113 1020 locist

102 1059 248 1124 transire
270 1057 417 1140 legiones
433 1067 532 1142 atque
550 1079 663 1121 omnes
680 1055 888 1142 perturbatos
905 1056 1089 1122 defectione

102 1161 296 1228 Aeduorum
312 1160 425 1244 fugam
442 1181 570 1244 parare,
595 1182 672 1223 suas
688 1180 817 1244 quoque
833 1159 947 1244 copias
965 1161 999 1223 in
1023 1169 1088 1224 tres

103 1275 217 1352 partes
242 1263 486 1328 distribuerunt.
532 1262 616 1326 Nam
648 1260 812 1345 praesidio
837 1285 855 1326 e
877 1266 1012 1348 regione
1035 1278 1113 1328 (ια-5

104 1379 251 1435 atrorum
278 1366 392 1431 relicto
422 1375 455 1430 et
484 1388 588 1451 parva
611 1387 709 1431 manu
732 1366 950 1431 Metiosedum
974 1390 1088 1432 versus

103 1477 226 1553 missa,
257 1493 340 1556 quae
369 1478 497 1534 tantum
527 1468 770 1554 progrediatur,
801 1478 958 1554 quantum
986 1493 1088 1536 naves

104 1576 357 1661 processissent,
381 1573 524 1658 reliquas
547 1573 661 1658 copias
685 1582 801 1638 contra
825 1572 1007 1638 Labienum
1031 1574 1088 1640 dn-

103 1685 238 1744 xerunt.

191 1777 244 1844 62.
268 1778 378 1842 Prima
400 1778 473 1842 luce
496 1788 529 1842 et
551 1780 655 1844 nostri
678 1800 790 1843 omnes
807 1789 901 1843 erant
923 1789 1089 1866 transpor-

107 1887 179 1968 tati,
204 1892 238 1948 et
260 1881 403 1947 hostium
427 1883 515 1946 acies
538 1881 742 1948 cernebatur.
779 1882 946 1949 Labienus
969 1885 1112 1952 milites2

108 1989 319 2063 cohortatus,
343 1994 380 2049 ut
403 2007 481 2049 suae
504 1986 662 2069 pristinae
685 1988 815 2050 virtutis
838 1997 870 2051 et
894 1989 1090 2055 secundissi-

106 2111 237 2156 morum
255 2087 451 2175 proeliorum
466 2090 643 2153 retinerent
659 2091 850 2155 memoriam
867 2100 965 2177 atque
981 2095 1090 2179 ipsum

107 2195 304 2274 Caesarem,
333 2193 426 2255 cuins
456 2190 555 2256 ductu
589 2214 823 2277 saepenumero
854 2194 965 2259 hostes
996 2217 1091 2281 supe-

104 2305 248 2372 rassent,
265 2303 470 2381 praesentem
488 2295 604 2360 adesse
621 2298 859 2379 existimarent,
888 2298 945 2362 dat
962 2299 1091 2380 signum

105 2399 235 2485 proelii.
260 2397 368 2461 Primo
382 2417 544 2461 concursu
557 2397 599 2461 ab
616 2398 732 2464 dextro
750 2422 861 2474 cornu,
879 2400 935 2466 ubi
952 2404 1113 2487 septimae

103 2503 194 2586 legio
229 2504 437 2585 constiterat,
469 2503 582 2569 hostes
612 2503 776 2590 pelluntur
802 2513 899 2590 atque
922 2509 956 2571 in
979 2508 1092 2591 fugam

105 2607 331 2689 coniciuntur3
367 2605 409 2671 ab
440 2608 587 2690 sinistro,
623 2630 719 2694 quem
753 2609 862 2674 locum
897 2609 1115 2678 duodecimas

105 2710 194 2794 legio
220 2708 370 2793 tenebat,
404 2733 478 2775 cum
500 2712 596 2795 primi
621 2711 752 2776 ordines
776 2711 918 2777 hostium
941 2716 1092 2780 transfixi

107 2813 185 2878 telis
201 2811 433 2895 concidissent,
452 2823 561 2878 tamen
578 2816 734 2878 acerrime
752 2814 866 2899 reliqui
883 2816 1091 2902 resistebant,

107 2939 172 2982 nec
196 2914 299 2981 dabat
322 2919 542 3000 suspicionem
572 2919 670 3002 fugae
698 2921 878 3004 quisquam.
924 2920 1000 3005 lpse
1024 2922 1115 2987 duxs

106 3021 256 3085 bostium
281 3019 524 3103 Camulogenus
549 3023 615 3085 suis
639 3022 755 3087 aderat
776 3032 873 3108 atque
897 3045 954 3090 eos
977 3026 1091 3091 cohor·

107 3122 252 3188 tabatur.
298 3121 430 3187 Incerto
460 3126 670 3188 nuncetiam
698 3127 789 3189 exitu
811 3127 986 3212 victoriae,
1018 3149 1114 3195 cumo

111 3227 273 3310 septimae
296 3224 435 3308 legionis
459 3225 598 3291 tribunis
622 3237 709 3292 esset
730 3230 926 3313 nuntiatum,
952 3235 1092 3317 quaein

109 3330 244 3394 sinistro
269 3350 371 3392 cornu
395 3338 600 3411 gererentur,
629 3340 704 3416 post
733 3340 860 3415 tergum
884 3333 1028 3399 hostium
1051 3336 1094 3401 le·

108 3435 242 3518 gionem
267 3432 482 3497 ostenderunt
496 3435 655 3519 signaque
678 3435 866 3500 intulerunt.
890 3436 940 3502 Ne
963 3459 1002 3501 eo
1027 3442 1115 3524 qui-⁷

110 3536 186 3602 dem
208 3544 357 3619 tempora
382 3535 555 3622 quisquam
576 3535 650 3602 loco
668 3541 778 3620 cessit,
803 3538 861 3604 sed
879 3541 1094 3610 circumventi

163 3652 252 3696 casm.
266 3651 285 3694 1.
299 3652 321 3694 b.
337 3651 362 3694 G.
906 3659 939 3710 14
