2430 4028
259 236 263 242 '
402 248 512 298 numu
531 248 591 311 vn,
618 248 694 299 cnr.
714 250 824 301 rs-rs.
1037 246 1096 312 201

116 435 199 501 nihil
229 437 314 502 adeo
345 437 483 502 arduum
507 438 571 503 sibi
593 461 665 502 esse
695 439 983 520 existimaverunt,
1013 438 1100 524 quod

115 563 185 606 non
208 541 329 605 virtute
352 541 509 626 consequi
527 550 670 626 possent,
694 564 798 626 neque
818 542 915 606 finem
939 544 1027 626 prius
1052 563 1100 605 se·

114 643 238 730 quendi
260 643 417 727 fecerunt,
442 667 539 729 quam
558 668 650 711 muro
669 646 780 730 oppidi
799 646 965 731 portisque
982 666 1099 730 appro-

113 747 325 832 pinquarunt.
371 747 455 811 Tum
479 770 556 811 vero
588 747 805 813 exomnibus
838 749 927 811 urbis
951 748 1123 832 partibusr

116 859 187 914 orto
213 850 357 915 clamore
380 851 434 935 qui
450 850 580 935 longius
598 850 745 934 aberant,
771 852 940 936 repentino
960 851 1099 914 tumultu

113 956 296 1038 perterriti,
327 976 400 1018 cum
429 953 556 1018 hostem
588 957 674 1019 intra
697 967 811 1039 portas
837 977 908 1018 esse
933 957 1099 1018 existima-

110 1067 203 1140 rent,
229 1080 301 1122 sese
324 1079 366 1122 ex
392 1058 512 1142 oppido
538 1058 712 1122 eiecerunt.
759 1058 1028 1122 Matresfamiliae
1060 1057 1122 1121 des

109 1183 204 1225 muro
222 1171 345 1225 vestem
362 1170 599 1247 argentumque
618 1161 792 1225 iactabant
808 1172 840 1225 et
856 1173 988 1245 pectore
1011 1162 1098 1226 nudo

111 1265 336 1348 prominentes
353 1265 462 1349 passis
479 1265 629 1329 manibus
656 1264 905 1329 obtestabantur
922 1266 1098 1348 Romanos,

109 1376 147 1431 ut
172 1367 237 1432 sibi
261 1378 434 1453 parcerent
456 1392 536 1450 neu,
562 1371 646 1433 siout
669 1370 801 1433 Avarici
827 1370 991 1452 iecissent,
1016 1393 1056 1433 ne
1080 1393 1099 1433 a

111 1470 308 1536 mulieribus
325 1472 457 1558 quidem
475 1484 573 1558 atque
589 1472 769 1538 infantibus
786 1474 1003 1556 abstinerent3
1019 1496 1122 1540 non-s

110 1575 222 1640 nullae
248 1576 288 1641 de
312 1579 412 1641 muris
441 1601 498 1662 per
521 1600 637 1642 manus
662 1578 822 1642 demissae
847 1601 917 1641 sose
940 1576 1099 1643 militibus

109 1680 297 1745 tradebant.
343 1680 467 1745 Lucius
498 1680 637 1762 Fabius,
672 1683 816 1745 centurio
846 1680 983 1764 legionis
1012 1699 1120 1762 vlll.‚r

110 1806 207 1871 quem
233 1785 318 1849 inter
341 1806 418 1848 suos
442 1807 479 1848 eo
506 1785 558 1850 die
575 1785 699 1850 dixisse
719 1783 893 1849 constabat
909 1785 1047 1848 excitari
1064 1806 1098 1848 se

108 1887 367 1953 Avaricensibus
384 1890 539 1973 praemiis
557 1911 661 1974 neque
677 1892 935 1970 commissurum,
953 1897 989 1952 ut
1008 1889 1097 1972 prius

110 1994 285 2077 quisquam
309 2014 437 2055 murum
455 1992 656 2072 ascenderet,
682 2003 747 2056 tres
772 2014 848 2055 suos
865 2001 980 2056 nactus
997 1994 1097 2055 mani-

106 2096 242 2180 pulares
277 2106 376 2180 atque
406 2094 447 2158 ab
486 2097 526 2158 iis
556 2094 746 2159 sublevatus
775 2117 901 2160 murum
932 2095 1097 2176 ascendit,

108 2198 170 2265 hos
195 2199 268 2284 ipse
283 2220 395 2262 rursus
415 2199 560 2280 singulos
579 2208 760 2282 exceptans
777 2201 810 2262 in
827 2222 954 2264 murum
971 2199 1096 2262 extulit.

195 2301 248 2364 48.
274 2301 409 2365 Interim
439 2303 477 2381 ii,
502 2304 556 2387 qui
585 2302 626 2365 ad
653 2302 788 2366 alteram
819 2310 950 2386 partem
974 2303 1097 2387 oppidi,

106 2415 142 2470 ut
167 2427 271 2488 supra
295 2405 608 2486 demonstravimus,
643 2406 832 2469 munitionis
857 2428 957 2469 causa
981 2428 1095 2469 convo·

103 2518 232 2590 nerant,
259 2511 364 2591 primo
390 2507 545 2571 exaudito
571 2508 724 2583 clamore,
750 2507 825 2573 inde
849 2509 948 2572 etiam
973 2507 1096 2571 crebris

104 2613 231 2677 nuntiis
266 2610 402 2686 incitati,
438 2609 595 2694 oppidum
626 2633 646 2674 a
668 2611 824 2674 Romanis
848 2613 968 2693 teneri,
1003 2633 1095 2695 prao-

103 2717 216 2779 missis
247 2713 410 2799 equitibus
441 2736 560 2797 magno
586 2736 748 2778 concursu
781 2738 818 2778 eo
847 2714 1094 2779 contenderunt.

104 2817 233 2883 Eorum
255 2826 291 2882 ut
315 2820 451 2903 quisque
475 2819 598 2902 primus
623 2828 774 2897 venerat,
811 2816 870 2882 sub
895 2840 986 2881 muro
1011 2839 1118 2897 con-r

106 2918 250 2985 sistebat
274 2942 470 3006 suorumque
499 2922 715 3005 pugnantium
739 2943 907 2983 numerum
942 2920 1095 3003 augebat.

107 3024 257 3105 Quorum
283 3046 356 3088 cum
380 3045 501 3107 magna
524 3023 696 3087 multitudo
721 3025 938 3104 convenisset,
959 3033 1117 3088 matres-s

103 3127 262 3210 familiae,
295 3149 378 3212 quae
402 3126 501 3213 paulo
526 3137 602 3192 ante
626 3128 782 3192 Romanis
807 3128 846 3190 de
869 3150 961 3191 muro
978 3149 1095 3191 manus

104 3231 300 3308 tendebant,
337 3253 414 3296 suos
445 3229 600 3294 obtestari
631 3241 663 3295 et
685 3253 774 3295 more
799 3230 928 3294 Gallico
960 3253 1093 3315 passum

106 3333 266 3421 capillum
296 3344 464 3399 ostentare
495 3333 680 3420 liberosque
709 3337 742 3397 in
777 3343 989 3420 conspectum
1024 3357 1097 3417 pro·

104 3440 191 3504 ferre
215 3447 405 3523 coeperunt.
430 3438 511 3501 Erat
527 3439 684 3503 Romanis
708 3460 769 3502 nec
793 3437 866 3501 looo
882 3458 943 3500 nec
961 3459 1117 3502 numeror

102 3564 209 3627 aequa
239 3543 425 3622 contentio;
456 3540 549 3605 simul
578 3548 610 3604 et
638 3563 736 3604 cursu
767 3550 800 3605 et
824 3542 931 3627 spatio
963 3561 1094 3624 pugnae
