2430 4028
123 247 186 313 218
431 249 482 298 DE
500 248 620 299 BELLO
640 247 799 299 GALLIOO

102 447 275 524 rpossent3
308 462 350 504 ne
372 448 481 503 autem
505 461 579 502 cum
605 439 752 524 periculo
782 461 824 504 ex
847 441 966 505 castris
992 439 1106 524 egredi

124 552 276 628 cogatur,
314 542 439 608 dierum
479 545 614 627 triginta
648 543 806 628 pabulum
842 543 1107 630 frumentumque

122 647 244 713 habere
267 669 380 713 omnes
403 657 599 712 convectum
620 645 719 711 iubet.

210 747 262 812 75.
286 750 375 814 Dum
404 748 486 814 baec
518 750 607 835 apud
639 749 785 815 Alesiam
816 758 989 834 geruntur,
1016 750 1106 817 Galli

123 853 263 919 concilio
287 854 469 938 principum
492 853 614 918 indicto
636 875 700 919 nou
719 874 833 918 omnes
849 875 917 935 eos,
940 855 996 939 qui
1012 877 1107 920 arma

123 960 208 1022 ferre
223 970 368 1043 possent,
392 966 428 1021 ut
445 959 572 1021 censuit
586 957 851 1040 Vercingetorix,
868 957 1107 1024 convocandos

124 1070 287 1139 statuunt,
319 1061 377 1124 sed
407 1070 532 1125 certum
563 1083 734 1125 numerum
765 1061 883 1145 cuique
905 1082 948 1124 ex
970 1062 1107 1127 civitate

124 1163 360 1248 imperandum,
376 1185 418 1226 ne
436 1172 528 1228 tanta
544 1162 751 1228 multitudine
763 1165 902 1228 confusa
919 1185 982 1228 nec
994 1166 1108 1231 mode

123 1269 188 1331 rari
212 1290 272 1330 nee
295 1267 481 1331 discernere
505 1288 581 1330 suos
605 1288 665 1330 nec
695 1265 919 1331 frumentandi
941 1269 1107 1334 rationem

102 1369 244 1437 chabere
260 1382 405 1454 possent.
429 1369 598 1454 Imperant
616 1369 739 1435 Aeduis
755 1378 855 1454 atque
870 1392 984 1436 eorum
1007 1371 1108 1438 clien-

123 1473 220 1553 tibus,
245 1471 445 1556 Segusiavis,
470 1472 702 1552 Amblusretis,
720 1472 871 1537 Aulercis
894 1473 1107 1540 Brannoviei·

123 1579 201 1662 bus,
225 1579 437 1656 Brannoviis,
460 1576 551 1641 milia
574 1594 688 1657 xxxv,
717 1598 829 1661 parem
853 1598 1026 1643 numerum
1048 1579 1108 1645 Ar·

123 1684 232 1746 vernis
256 1680 419 1745 adiunctis
442 1679 612 1758 Eleutetis,
637 1678 811 1760 Cadurcis,
831 1677 981 1764 Gabalis,
997 1682 1107 1748 Vella·

124 1787 196 1868 viis,
221 1787 275 1870 qui
301 1784 361 1849 sub
385 1785 520 1868 imperio
546 1784 771 1847 Arvernorum
794 1805 866 1847 esse
888 1798 1107 1871 consuerunt,

101 1890 295 1974 sSequanis
313 1885 509 1968 Senonibus,
532 1884 747 1969 Biturigibus,
764 1883 931 1969 Santonis,
956 1888 1106 1965 Rutenis,

125 1992 323 2057 Carnutibus
352 1991 505 2055 duodena
539 1990 645 2070 milia,
676 1989 863 2054 Bellovacis
891 2007 935 2072 x,
969 1992 1108 2060 totidem

124 2093 372 2175 Lemovicibus3
397 2103 517 2158 octona
533 2091 724 2157 Pictonibus
748 2101 781 2157 et
803 2093 946 2159 Turonis
969 2104 1003 2160 et
1018 2096 1107 2162 Pati·

124 2200 180 2262 siis
208 2206 241 2262 et
263 2195 440 2277 Helvetiis,
470 2218 550 2260 sena
573 2195 742 2278 Andibus,
767 2195 951 2275 Ambianis,
980 2200 1105 2267 Medio·

123 2302 286 2382 matricis,
310 2299 523 2378 Petrocoriis,
547 2299 694 2376 Nerviis,
720 2298 876 2383 Morinis,
906 2301 1107 2390 Nitiobrogi-

124 2404 201 2485 bus,
237 2422 257 2466 v
287 2402 377 2466 milia
407 2401 556 2466 Aulercis
591 2401 808 2485 Cenomanis,
842 2403 980 2472 totidem
1012 2408 1106 2475 Atre-

124 2507 272 2588 batibus,
296 2518 455 2592 quaterna
477 2506 690 2572 Velliocassis
713 2517 745 2572 et
767 2507 918 2574 Aulercis
941 2509 1104 2578 Eburovi-

100 2611 232 2693 suibus,
255 2620 348 2674 terna
372 2611 520 2675 Rauricis
543 2620 576 2674 et
598 2611 708 2692 Boiis3
737 2629 811 2675 xxx
838 2615 1002 2678 universis
1026 2618 1104 2680 civi·

123 2714 263 2795 tatibus,
298 2735 382 2799 quae
415 2712 584 2778 Oceanum
613 2716 779 2799 attingunt
811 2737 961 2802 quaeque
994 2741 1107 2784 eorum

124 2817 361 2883 consuetudine
374 2818 569 2882 Armoricae
584 2816 803 2903 appellantur,
828 2842 892 2905 quo
909 2823 1038 2886 suntin
1052 2846 1107 2888 nu·

127 2944 214 2985 mero
255 2919 485 2998 Ouriosolites,
523 2919 690 3002 Redones,
725 2920 926 3007 Ambibarii,
965 2923 1106 3007 Caletes,

102 3024 262 3106 sosismi,
295 3023 453 3104 Lexovii,
476 3023 617 3088 Venelli.
664 3025 717 3088 Ex
741 3025 792 3090 his
815 3025 985 3093 Bellovaci
1014 3052 1107 3096 suum

124 3150 293 3191 numerum
322 3150 387 3191 non
419 3127 681 3212 compleverunt,
711 3129 799 3212 quod
828 3151 864 3194 se
893 3151 952 3195 suo
975 3136 1107 3200 nomine

125 3240 226 3316 atque
249 3231 384 3296 arbitrio
414 3253 488 3295 cum
510 3233 668 3296 Romanis
696 3231 818 3298 bellum
847 3244 997 3318 gesturos
1022 3237 1107 3302 dice

123 3334 205 3400 bant
228 3356 333 3420 neque
356 3337 546 3420 cuiusquam
574 3337 711 3420 imperio
736 3336 1036 3424 obtemperaturos,
1058 3363 1105 3405 ro·

125 3442 193 3523 gati
216 3450 326 3502 tamen
348 3437 390 3502 ab
416 3435 564 3502 Commio
590 3459 649 3522 pro
674 3440 744 3503 eius
759 3439 901 3524 bospitio
925 3439 1106 3509 duomilia

125 3565 190 3607 una
215 3543 384 3608 miserunt.
