2430 4028
394 237 503 288 umus
521 239 557 300 11,
576 235 660 290 eur.
681 237 790 287 ro-rs.
1043 238 1084 301 49

104 425 284 492 contendit.
330 424 369 490 Id
392 448 434 490 ex
456 426 574 491 itinere
597 446 790 511 oppugnare
812 436 967 510 oonatus,
999 427 1108 513 quoda

102 550 248 595 vacuum
270 527 312 593 ab
330 520 559 597 defensoribus
583 551 656 594 esse
676 528 841 613 audiebat,
865 540 999 617 propter
1013 530 1087 596 lati·

102 633 252 699 tudinem
265 633 378 700 fossae
394 635 542 719 murique
558 631 764 699 altitudinem
779 636 894 721 paucis
911 635 1087 702 defenden-

105 733 196 801 tibus
217 759 408 823 expugnare
430 758 497 802 non
520 739 637 822 potuit.
667 735 792 803 Castris
815 740 947 804 munitis
970 740 1109 805 vineas³

104 860 215 924 agere,
232 862 381 927 quaeque
396 841 440 906 ad
462 840 721 926 oppugnandum
735 840 810 907 usui
826 852 929 925 erant,
953 863 1086 929 eompa-

101 965 180 1008 rare
216 945 334 1030 eoepit.
379 945 515 1010 Interim
545 946 650 1010 omnis
685 967 728 1010 ex
760 945 840 1029 fuga
874 945 1109 1013 Suessionum

101 1047 280 1114 multitudo
303 1050 336 1113 in
355 1047 512 1134 oppidum
528 1051 681 1133 proxima
696 1057 793 1114 noete
810 1052 973 1117 eonvenit.
999 1050 1108 1117 Oete-⁵

101 1153 185 1218 riter
206 1152 312 1218 vineis
340 1152 385 1217 ad
412 1151 571 1238 oppidum
599 1156 697 1235 aotis,
727 1175 848 1237 aggere
877 1156 964 1219 iaoto
992 1158 1087 1221 turri-

101 1256 233 1343 busque
255 1257 442 1321 oonstitutis
458 1254 683 1340 magnitudine
705 1278 849 1341 operum,
874 1280 959 1343 quae
981 1281 1087 1343 neque

102 1360 258 1426 viderant
284 1367 361 1425 ante
385 1357 474 1425 Galli
502 1381 608 1446 neque
631 1358 818 1443 audierant,
855 1371 888 1425 et
919 1362 1088 1429 eeleritate

102 1464 330 1529 Romanorum
352 1461 492 1547 permoti
514 1461 642 1545 legatos
665 1460 709 1527 ad
732 1460 910 1528 Caesarem
933 1465 974 1530 de
998 1464 1088 1530 dedi·

102 1568 194 1634 tione
209 1568 342 1632 mittunt
357 1573 390 1630 et
404 1564 592 1650 petentibus
604 1565 724 1645 Remis,
747 1574 785 1631 ut
800 1577 1085 1654 conservarentur,

103 1674 295 1757 impetrant.

195 1772 245 1838 13.
284 1772 408 1840 Caesar
437 1771 608 1838 obsidibus
638 1775 785 1859 acceptis
808 1775 921 1859 primis
945 1775 1088 1842 civitatis

105 1888 216 1964 atque,
240 1877 345 1964 ipsius
374 1874 504 1940 Galbae
536 1878 624 1960 regis
653 1876 780 1942 duobus
813 1876 888 1942 filiis
922 1880 1088 1966 armisque

103 1979 259 2047 omnibus
281 2003 323 2046 ex
340 1980 463 2067 oppido
480 1981 610 2046 traditis
626 1982 660 2046 in
676 1980 875 2046 deditionem
892 1979 1088 2048 Suessiones

107 2082 240 2169 aceepit
255 2084 500 2168 exereitumque
522 2084 556 2148 in
575 2081 772 2148 Bellovacos
797 2082 895 2148 ducit.
927 2083 991 2166 Qui
1014 2107 1109 2154 cuma

104 2210 141 2252 se
166 2208 290 2271 suaque
314 2188 423 2252 omnia
444 2188 479 2250 in
502 2185 658 2272 oppidum
680 2185 952 2273 Bratuspantium
975 2199 1088 2255 oontu-

101 2290 238 2368 lissent,
267 2299 366 2376 atque
395 2289 437 2355 ab
467 2313 506 2355 eo
530 2289 653 2376 oppido
677 2289 801 2356 Caesar
834 2312 909 2356 oum
941 2296 1089 2359 exercitu

105 2393 503 2480 oiroitermiliapassuum
513 2396 656 2481 quinque
665 2393 807 2476 abesset,
821 2416 933 2460 omnes
946 2398 1088 2462 maiores

103 2509 189 2564 natu
212 2522 254 2564 ex
278 2499 400 2586 oppido
416 2501 540 2584 egressi
563 2522 679 2565 manus
703 2499 746 2564 ad
763 2496 939 2565 Caesarem
954 2501 1089 2566 tendere

104 2612 139 2668 et
161 2624 244 2668 vooe
268 2602 453 2686 significare
471 2612 661 2689 coeperunt,
686 2624 757 2668 sese
780 2602 813 2667 in
836 2605 905 2668 eius
928 2603 1027 2669 fidem
1050 2626 1089 2667 ao

104 2714 307 2792 potestatem
329 2708 441 2772 venire
464 2729 569 2793 neque
592 2715 709 2772 eontra
732 2705 889 2792 populum
904 2707 1088 2772 Romanum

105 2810 208 2875 armis
238 2811 447 2877 contendere.
492 2810 593 2894 Item,
626 2833 700 2875 oum
735 2811 779 2876 ad
803 2809 959 2895 oppidum
983 2833 1110 2876 acces-a

103 2913 204 2979 sisset
231 2922 407 3002 castraque
435 2914 481 2981 ibi
504 2924 659 3002 poneret,
689 2915 781 3000 pueri
808 2913 1025 3000 mulieresque
1048 2937 1090 2979 ex

103 3038 199 3082 muro
223 3018 331 3104 passis
355 3017 508 3086 manibus
530 3041 590 3086 suo
613 3041 704 3085 more
726 3034 845 3104 paoem
867 3017 909 3083 ab
932 3017 1089 3083 Romanis

102 3123 280 3207 petierunt.

197 3221 246 3288 14.
269 3224 333 3291 Pro
349 3224 399 3291 his
415 3223 602 3291 Divitiaous
618 3223 709 3308 (nam
723 3233 801 3312 post
816 3224 998 3291 discessum
1014 3224 1087 3289 Bel-

103 3348 224 3412 garum
239 3327 383 3393 dimissis
396 3326 588 3394 Aeduorum
609 3328 715 3414 oopiis
739 3328 783 3394 ad
806 3350 880 3393 eum
894 3327 1087 3410 reverterat)

104 3432 188 3496 facit
209 3428 327 3497 verba:
351 3429 548 3498 Bellovacos
566 3432 655 3498 omni
677 3442 824 3518 tempore
846 3432 880 3496 in
901 3422 1111 3517 fideatquea

105 3534 253 3602 amicitia
282 3534 426 3601 civitatis
450 3532 586 3601 Aeduae
614 3535 734 3619 fuisse,
762 3534 921 3621 impulsos
951 3534 993 3600 ab
1021 3537 1117 3614 suisa

158 3651 246 3696 casus.
259 3649 277 3695 Ι.
292 3648 313 3694 t.
328 3651 356 3698 o.
917 3654 935 3704 4
