2430 4028
359 273 470 330 ursan
487 274 523 339 11,
543 272 621 326 cir.
638 274 749 326 21-24.
1004 275 1046 341 55

64 467 211 553 peditam
234 467 476 533 interfecerunt.
503 465 572 553 Ipsi
594 467 734 532 transire
756 464 879 531 flumen
901 486 968 530 non
992 465 1070 532 dur

63 572 254 637 bitaverunt
276 579 309 636 et
331 571 365 634 in
380 569 490 635 locum
513 570 660 655 iniquum
683 570 848 655 progressi
864 591 976 636 rursus
999 594 1047 637 re·

68 679 220 742 sistentes
241 676 352 741 hostes
374 673 598 757 redintegrato
615 671 748 759 proelio!
762 674 794 738 in
812 674 926 758 fugam
941 676 1049 740 conie-

68 789 193 844 cerunt.
238 780 321 844 Item
345 776 413 842 alia
434 779 469 841 in
491 785 585 861 parte
609 777 758 842 diversae
781 776 867 841 duae
889 776 1069 862 legionesi

63 882 240 948 undecima
263 892 296 947 et
320 890 454 963 octava,
484 880 667 964 profligatis
691 881 951 962 Veromanduis,
975 884 1046 967 qui-

64 987 205 1052 buscum
231 994 325 1052 erant
347 985 526 1068 congressi,
550 1006 593 1048 ex
616 984 689 1050 loco
710 987 886 1069 superiore,
910 987 943 1050 in
966 988 1046 1070 ipsis

62 1090 207 1154 fluminis
229 1089 309 1176 ripis
339 1086 596 1172 proeliabantur.
624 1085 669 1150 At
697 1088 773 1152 totis
800 1088 869 1154 fere
892 1113 912 1155 a
939 1088 1069 1155 fronte4

62 1202 96 1259 et
119 1192 162 1257 ab
186 1193 319 1258 sinistra
341 1200 436 1277 parte
459 1190 593 1255 nudatis
617 1193 746 1274 castris,
774 1214 849 1258 cum
871 1194 905 1258 in
928 1193 1045 1258 dextro

62 1319 168 1362 cornu
190 1295 276 1381 legio
306 1294 503 1361 duodecima
525 1304 558 1360 et
585 1317 651 1361 non
675 1317 794 1378 magno
822 1297 863 1361 ab
889 1319 928 1361 ea
950 1299 1047 1363 inter·

62 1401 152 1467 vallo
170 1401 309 1487 septime
322 1401 534 1474 constitisset,
552 1421 664 1464 omnes
680 1399 791 1464 Nervii
805 1400 1068 1467 confertissimo⁵

61 1507 196 1589 agmine
224 1503 307 1569 duce
325 1503 560 1587 Boduognato,
589 1505 644 1588 qui
668 1524 826 1568 summam
850 1505 978 1591 imperii
1001 1514 1045 1569 te-

60 1608 174 1691 nebat,
204 1608 247 1672 ad
275 1631 350 1673 eum
378 1607 488 1673 locum
517 1607 773 1690 contenderunt3
804 1629 941 1692 quornm
968 1631 1045 1694 pars

62 1721 180 1799 aperto
203 1711 306 1777 latere
328 1712 475 1796 legiones
499 1712 751 1790 circumvenire,
782 1734 860 1799 pars
883 1735 1046 1779 summum

64 1825 252 1882 castrorum
274 1817 381 1881 locum
406 1824 517 1902 petere
540 1817 658 1901 coepit.

149 1918 201 1984 24.
224 1920 352 1985 Eodem
375 1928 521 2004 tempore
544 1922 670 2004 equites
693 1923 798 1987 nostri
824 1919 971 2006 levisque
996 1943 1045 1986 ar·

60 2032 213 2090 maturae
229 2024 366 2110 pedites,
383 2025 437 2108 qni
455 2045 529 2088 cum
545 2024 585 2088 iis
601 2047 668 2089 una
683 2024 823 2107 fuerant,
841 2047 923 2110 quos
939 2025 1044 2111 primo

58 2127 206 2192 hostium
238 2129 361 2211 impetu
384 2127 497 2213 pulsos
524 2127 691 2211 dixeram,
722 2147 797 2194 cum
822 2152 856 2193 se
879 2130 912 2194 in
935 2137 1045 2194 castra

57 2234 259 2316 reciperent,
291 2231 438 2296 adversis
454 2230 606 2296 hostibus
631 2232 848 2298 occurrebant
870 2257 909 2299 ac
932 2257 1045 2300 rursus

59 2334 162 2401 aliam
184 2337 218 2400 in
240 2343 368 2420 partem
385 2336 498 2418 fugam
514 2333 682 2419 petebant,
706 2344 739 2400 et
761 2336 904 2419 calones,
930 2339 985 2423 qui
1001 2336 1067 2401 aba

58 2439 245 2504 decumana
266 2447 363 2523 porta
386 2460 426 2503 ac
450 2460 577 2503 summo
600 2440 677 2522 iugo
702 2439 797 2505 collis
821 2449 953 2506 nostros
977 2443 1044 2506 vic-

57 2553 148 2608 tores
168 2542 288 2606 flumen
307 2542 465 2607 transisse
480 2551 733 2626 conspexerant,
747 2543 928 2628 praedandi
942 2567 1044 2609 causa

59 2648 198 2732 egressi,
221 2668 296 2712 cum
311 2647 538 2731 respexissent
553 2654 586 2710 et
600 2645 713 2712 hostes
737 2648 770 2710 in
785 2652 907 2712 nostris
924 2651 1043 2713 castris

56 2753 186 2816 versari
208 2749 378 2832 vidissent,
400 2751 600 2835 praecipites
615 2750 715 2834 fugae
739 2773 811 2816 sese
830 2752 1042 2817 mandabant.

57 2852 165 2920 Simul
203 2875 332 2933 eorum,
372 2855 425 2940 qui
465 2875 539 2919 cum
577 2854 819 2941 impedimentis
855 2855 1064 2938 veniebants

56 2957 185 3023 clamor
199 2957 413 3042 fremitusque
427 2957 604 3040 oriebatur,
620 2957 741 3042 aliique
752 2957 850 3022 aliam
868 2960 901 3024 in
914 2966 1043 3042 partem

56 3060 221 3146 perterriti
238 3059 437 3126 ferebantur.
469 3058 597 3140 Quibus
622 3061 773 3127 omnibus
789 3059 887 3125 rebus
903 3063 1065 3147 permotio

55 3166 184 3250 equites
200 3163 345 3247 Treveri,
370 3186 508 3249 quorum
532 3165 618 3229 inter
634 3161 751 3228 Gallos
775 3165 905 3228 virtutis
930 3166 1041 3248 opinio

56 3275 108 3333 est
143 3266 335 3352 singularis,
373 3269 427 3352 qui
462 3267 577 3332 auxilii
617 3289 718 3331 causa
756 3265 797 3330 ab
832 3268 964 3333 civitate
1000 3268 1043 3333 ad

56 3369 234 3435 Caesarem
258 3371 347 3435 missi
372 3379 546 3452 venerant,
574 3393 647 3435 cum
671 3370 875 3435 multitudine
899 3370 1041 3437 hostium

56 3482 170 3540 castra
193 3474 367 3561 compleri,
403 3485 533 3541 nostras
563 3475 709 3558 legiones
736 3477 839 3561 premi
875 3484 907 3539 et
937 3498 1042 3561 paene

56 3581 299 3645 circumventas
334 3581 453 3663 teneri,
488 3579 640 3660 calones,
675 3580 816 3665 equites,
847 3579 1040 3662 funditores,
