<?xml version="1.0" encoding="UTF-8"?>
<!DOCTYPE html PUBLIC "-//W3C//DTD XHTML 1.0 Transitional//EN"
    "http://www.w3.org/TR/xhtml1/DTD/xhtml1-transitional.dtd">
<html xmlns="http://www.w3.org/1999/xhtml" xml:lang="en" lang="en">
 <head>
  <title>
</title>
<meta http-equiv="Content-Type" content="text/html;charset=utf-8" />
  <meta name='ocr-system' content='tesseract 3.04.00' />
  <meta name='ocr-capabilities' content='ocr_page ocr_carea ocr_par ocr_line ocrx_word'/>
</head>
<body>
  <div class='ocr_page' id='page_1' title='image "./ciuliicaesarisc01hoffgoog_0034.png"; bbox 0 0 2430 4028; ppageno 0'>
   <div class='ocr_carea' id='block_1_1' title="bbox 365 270 1044 336">
    <p class='ocr_par' dir='ltr' id='par_1_1' title="bbox 365 270 1044 336">
     <span class='ocr_line' id='line_1_1' title="bbox 365 270 1044 336; baseline -0.001 -14"><span class='ocrx_word' id='word_1_1' title='bbox 365 273 475 322; x_wconf 70' lang='lat' dir='ltr'>traua</span> <span class='ocrx_word' id='word_1_2' title='bbox 492 273 514 335; x_wconf 87' lang='lat'>1,</span> <span class='ocrx_word' id='word_1_3' title='bbox 532 271 611 323; x_wconf 77' lang='lat' dir='ltr'>cnr.</span> <span class='ocrx_word' id='word_1_4' title='bbox 624 270 740 322; x_wconf 80' lang='lat' dir='ltr'>ea-ss.</span> <span class='ocrx_word' id='word_1_5' title='bbox 1001 271 1044 336; x_wconf 82' lang='lat'>25</span> 
     </span>
    </p>
   </div>
   <div class='ocr_carea' id='block_1_2' title="bbox 55 463 1065 3649">
    <p class='ocr_par' dir='ltr' id='par_1_2' title="bbox 59 463 1065 1688">
     <span class='ocr_line' id='line_1_2' title="bbox 61 463 1043 550; baseline 0 -20"><span class='ocrx_word' id='word_1_6' title='bbox 61 465 170 531; x_wconf 93' lang='lat' dir='ltr'>locum</span> <span class='ocrx_word' id='word_1_7' title='bbox 192 464 336 529; x_wconf 91' lang='lat' dir='ltr'>medium</span> <span class='ocrx_word' id='word_1_8' title='bbox 363 466 533 550; x_wconf 87' lang='lat' dir='ltr'>utriusque</span> <span class='ocrx_word' id='word_1_9' title='bbox 562 463 726 550; x_wconf 91' lang='lat' dir='ltr'>colloquio</span> <span class='ocrx_word' id='word_1_10' title='bbox 756 463 929 548; x_wconf 80' lang='lat' dir='ltr'><strong>deligeret:</strong></span> <span class='ocrx_word' id='word_1_11' title='bbox 959 465 1043 530; x_wconf 91' lang='lat' dir='ltr'>velle</span> 
     </span>
     <span class='ocr_line' id='line_1_3' title="bbox 62 565 1042 652; baseline -0.003 -17"><span class='ocrx_word' id='word_1_12' title='bbox 62 592 136 635; x_wconf 89' lang='lat' dir='ltr'>sese</span> <span class='ocrx_word' id='word_1_13' title='bbox 159 568 200 633; x_wconf 91' lang='lat' dir='ltr'>de</span> <span class='ocrx_word' id='word_1_14' title='bbox 222 565 393 652; x_wconf 81' lang='lat' dir='ltr'>republica</span> <span class='ocrx_word' id='word_1_15' title='bbox 421 576 453 631; x_wconf 92' lang='lat' dir='ltr'>et</span> <span class='ocrx_word' id='word_1_16' title='bbox 481 568 614 631; x_wconf 91' lang='lat' dir='ltr'>summis</span> <span class='ocrx_word' id='word_1_17' title='bbox 644 568 811 651; x_wconf 91' lang='lat' dir='ltr'>utriusque</span> <span class='ocrx_word' id='word_1_18' title='bbox 840 566 940 632; x_wconf 91' lang='lat' dir='ltr'>rebus</span> <span class='ocrx_word' id='word_1_19' title='bbox 968 591 1042 634; x_wconf 90' lang='lat' dir='ltr'>cum</span> 
     </span>
     <span class='ocr_line' id='line_1_4' title="bbox 62 669 1064 757; baseline -0.001 -20"><span class='ocrx_word' id='word_1_20' title='bbox 62 695 102 737; x_wconf 91' lang='lat' dir='ltr'>eo</span> <span class='ocrx_word' id='word_1_21' title='bbox 126 694 232 754; x_wconf 88' lang='lat' dir='ltr'>agere.</span> <span class='ocrx_word' id='word_1_22' title='bbox 266 671 308 735; x_wconf 85' lang='lat' dir='ltr'>Ei</span> <span class='ocrx_word' id='word_1_23' title='bbox 331 671 487 754; x_wconf 84' lang='lat' dir='ltr'>legationi</span> <span class='ocrx_word' id='word_1_24' title='bbox 502 669 689 735; x_wconf 87' lang='lat' dir='ltr'>Ariovistus</span> <span class='ocrx_word' id='word_1_25' title='bbox 712 670 896 754; x_wconf 84' lang='lat' dir='ltr'>respondit:</span> <span class='ocrx_word' id='word_1_26' title='bbox 921 674 948 735; x_wconf 88' lang='lat' dir='ltr'>si</span> <span class='ocrx_word' id='word_1_27' title='bbox 965 672 1064 757; x_wconf 86' lang='lat' dir='ltr'>quida</span> 
     </span>
     <span class='ocr_line' id='line_1_5' title="bbox 62 773 1043 861; baseline 0.001 -21"><span class='ocrx_word' id='word_1_28' title='bbox 62 777 126 861; x_wconf 89' lang='lat' dir='ltr'>ipsi</span> <span class='ocrx_word' id='word_1_29' title='bbox 149 797 169 839; x_wconf 89' lang='lat' dir='ltr'>a</span> <span class='ocrx_word' id='word_1_30' title='bbox 192 773 336 840; x_wconf 79' lang='lat' dir='ltr'>Caesare</span> <span class='ocrx_word' id='word_1_31' title='bbox 360 797 442 859; x_wconf 90' lang='lat' dir='ltr'>opus</span> <span class='ocrx_word' id='word_1_32' title='bbox 466 783 570 854; x_wconf 90' lang='lat' dir='ltr'>esset,</span> <span class='ocrx_word' id='word_1_33' title='bbox 606 797 678 840; x_wconf 87' lang='lat' dir='ltr'>sese</span> <span class='ocrx_word' id='word_1_34' title='bbox 701 775 745 840; x_wconf 88' lang='lat' dir='ltr'>ad</span> <span class='ocrx_word' id='word_1_35' title='bbox 775 798 849 840; x_wconf 92' lang='lat' dir='ltr'>eum</span> <span class='ocrx_word' id='word_1_36' title='bbox 871 785 1043 841; x_wconf 85' lang='lat' dir='ltr'>venturum</span> 
     </span>
     <span class='ocr_line' id='line_1_6' title="bbox 61 875 1042 964; baseline 0.001 -21"><span class='ocrx_word' id='word_1_37' title='bbox 61 880 178 959; x_wconf 89' lang='lat' dir='ltr'>fuisse;</span> <span class='ocrx_word' id='word_1_38' title='bbox 203 878 324 963; x_wconf 91' lang='lat' dir='ltr'>siquid</span> <span class='ocrx_word' id='word_1_39' title='bbox 345 876 400 942; x_wconf 93' lang='lat' dir='ltr'>ille</span> <span class='ocrx_word' id='word_1_40' title='bbox 425 901 460 942; x_wconf 87' lang='lat' dir='ltr'>so</span> <span class='ocrx_word' id='word_1_41' title='bbox 476 875 563 959; x_wconf 87' lang='lat' dir='ltr'>velit,</span> <span class='ocrx_word' id='word_1_42' title='bbox 587 876 678 943; x_wconf 91' lang='lat' dir='ltr'>illum</span> <span class='ocrx_word' id='word_1_43' title='bbox 701 878 745 943; x_wconf 86' lang='lat' dir='ltr'>ad</span> <span class='ocrx_word' id='word_1_44' title='bbox 768 901 802 942; x_wconf 91' lang='lat' dir='ltr'>se</span> <span class='ocrx_word' id='word_1_45' title='bbox 818 879 929 943; x_wconf 91' lang='lat' dir='ltr'>venire</span> <span class='ocrx_word' id='word_1_46' title='bbox 948 902 1042 964; x_wconf 90' lang='lat' dir='ltr'>opor·</span> 
     </span>
     <span class='ocr_line' id='line_1_7' title="bbox 59 982 1064 1067; baseline -0.004 -19"><span class='ocrx_word' id='word_1_47' title='bbox 59 991 140 1048; x_wconf 86' lang='lat' dir='ltr'>tere.</span> <span class='ocrx_word' id='word_1_48' title='bbox 163 982 337 1047; x_wconf 89' lang='lat' dir='ltr'>Praeterea</span> <span class='ocrx_word' id='word_1_49' title='bbox 360 1003 394 1046; x_wconf 89' lang='lat' dir='ltr'>se</span> <span class='ocrx_word' id='word_1_50' title='bbox 417 1003 523 1065; x_wconf 89' lang='lat' dir='ltr'>neque</span> <span class='ocrx_word' id='word_1_51' title='bbox 546 982 616 1045; x_wconf 89' lang='lat' dir='ltr'>sine</span> <span class='ocrx_word' id='word_1_52' title='bbox 638 982 785 1045; x_wconf 84' lang='lat' dir='ltr'>exercitu</span> <span class='ocrx_word' id='word_1_53' title='bbox 809 983 916 1046; x_wconf 90' lang='lat' dir='ltr'>ineas</span> <span class='ocrx_word' id='word_1_54' title='bbox 933 992 1064 1067; x_wconf 84' lang='lat' dir='ltr'>partess</span> 
     </span>
     <span class='ocr_line' id='line_1_8' title="bbox 61 1082 1042 1170; baseline -0.002 -19"><span class='ocrx_word' id='word_1_55' title='bbox 61 1085 192 1152; x_wconf 81' lang='lat' dir='ltr'>Galliae</span> <span class='ocrx_word' id='word_1_56' title='bbox 228 1087 339 1149; x_wconf 91' lang='lat' dir='ltr'>venire</span> <span class='ocrx_word' id='word_1_57' title='bbox 377 1084 520 1167; x_wconf 85' lang='lat' dir='ltr'>audere,</span> <span class='ocrx_word' id='word_1_58' title='bbox 565 1107 647 1170; x_wconf 89' lang='lat' dir='ltr'>quas</span> <span class='ocrx_word' id='word_1_59' title='bbox 686 1082 810 1149; x_wconf 77' lang='lat' dir='ltr'>Caesar</span> <span class='ocrx_word' id='word_1_60' title='bbox 847 1084 1042 1170; x_wconf 82' lang='lat' dir='ltr'>possideret,</span> 
     </span>
     <span class='ocr_line' id='line_1_9' title="bbox 60 1189 1043 1276; baseline -0.003 -21"><span class='ocrx_word' id='word_1_61' title='bbox 60 1212 167 1276; x_wconf 91' lang='lat' dir='ltr'>neque</span> <span class='ocrx_word' id='word_1_62' title='bbox 191 1190 371 1254; x_wconf 83' lang='lat' dir='ltr'>exercitum</span> <span class='ocrx_word' id='word_1_63' title='bbox 395 1189 464 1253; x_wconf 89' lang='lat' dir='ltr'>sine</span> <span class='ocrx_word' id='word_1_64' title='bbox 480 1210 599 1272; x_wconf 87' lang='lat' dir='ltr'>magno</span> <span class='ocrx_word' id='word_1_65' title='bbox 624 1198 809 1253; x_wconf 82' lang='lat' dir='ltr'>commeatu</span> <span class='ocrx_word' id='word_1_66' title='bbox 832 1198 929 1273; x_wconf 87' lang='lat' dir='ltr'>atque</span> <span class='ocrx_word' id='word_1_67' title='bbox 951 1189 1043 1254; x_wconf 92' lang='lat' dir='ltr'>moli-</span> 
     </span>
     <span class='ocr_line' id='line_1_10' title="bbox 59 1289 1065 1375; baseline -0.007 -18"><span class='ocrx_word' id='word_1_68' title='bbox 59 1302 170 1358; x_wconf 92' lang='lat' dir='ltr'>mento</span> <span class='ocrx_word' id='word_1_69' title='bbox 194 1294 228 1357; x_wconf 92' lang='lat' dir='ltr'>in</span> <span class='ocrx_word' id='word_1_70' title='bbox 250 1314 351 1356; x_wconf 92' lang='lat' dir='ltr'>unum</span> <span class='ocrx_word' id='word_1_71' title='bbox 373 1289 482 1354; x_wconf 91' lang='lat' dir='ltr'>locum</span> <span class='ocrx_word' id='word_1_72' title='bbox 498 1291 691 1355; x_wconf 86' lang='lat' dir='ltr'>contrahere</span> <span class='ocrx_word' id='word_1_73' title='bbox 708 1313 815 1375; x_wconf 81' lang='lat' dir='ltr'>posse.</span> <span class='ocrx_word' id='word_1_74' title='bbox 840 1289 910 1355; x_wconf 88' lang='lat' dir='ltr'>Sibi</span> <span class='ocrx_word' id='word_1_75' title='bbox 934 1302 1065 1356; x_wconf 81' lang='lat' dir='ltr'>autems</span> 
     </span>
     <span class='ocr_line' id='line_1_11' title="bbox 59 1392 1044 1479; baseline -0.002 -18"><span class='ocrx_word' id='word_1_76' title='bbox 59 1399 179 1461; x_wconf 92' lang='lat' dir='ltr'>mirum</span> <span class='ocrx_word' id='word_1_77' title='bbox 206 1393 326 1474; x_wconf 89' lang='lat' dir='ltr'>videri,</span> <span class='ocrx_word' id='word_1_78' title='bbox 363 1393 441 1478; x_wconf 91' lang='lat' dir='ltr'>quid</span> <span class='ocrx_word' id='word_1_79' title='bbox 468 1396 502 1458; x_wconf 92' lang='lat' dir='ltr'>in</span> <span class='ocrx_word' id='word_1_80' title='bbox 525 1416 585 1458; x_wconf 89' lang='lat' dir='ltr'>sua</span> <span class='ocrx_word' id='word_1_81' title='bbox 608 1392 728 1477; x_wconf 77' lang='lat' dir='ltr'>Gallia,</span> <span class='ocrx_word' id='word_1_82' title='bbox 767 1416 865 1479; x_wconf 90' lang='lat' dir='ltr'>quam</span> <span class='ocrx_word' id='word_1_83' title='bbox 888 1392 974 1461; x_wconf 91' lang='lat' dir='ltr'>bello</span> <span class='ocrx_word' id='word_1_84' title='bbox 997 1395 1044 1459; x_wconf 90' lang='lat' dir='ltr'>vi-</span> 
     </span>
     <span class='ocr_line' id='line_1_12' title="bbox 60 1496 1042 1583; baseline 0 -18"><span class='ocrx_word' id='word_1_85' title='bbox 60 1503 178 1581; x_wconf 88' lang='lat' dir='ltr'>cisset,</span> <span class='ocrx_word' id='word_1_86' title='bbox 213 1507 271 1564; x_wconf 87' lang='lat' dir='ltr'>aut</span> <span class='ocrx_word' id='word_1_87' title='bbox 304 1496 440 1563; x_wconf 77' lang='lat' dir='ltr'>Caesari</span> <span class='ocrx_word' id='word_1_88' title='bbox 478 1507 535 1562; x_wconf 89' lang='lat' dir='ltr'>aut</span> <span class='ocrx_word' id='word_1_89' title='bbox 569 1499 700 1561; x_wconf 91' lang='lat' dir='ltr'>omnino</span> <span class='ocrx_word' id='word_1_90' title='bbox 735 1497 859 1583; x_wconf 93' lang='lat' dir='ltr'>populo</span> <span class='ocrx_word' id='word_1_91' title='bbox 893 1500 1042 1565; x_wconf 85' lang='lat' dir='ltr'>Romano</span> 
     </span>
     <span class='ocr_line' id='line_1_13' title="bbox 61 1604 308 1688; baseline -0.016 -19"><span class='ocrx_word' id='word_1_92' title='bbox 61 1604 186 1688; x_wconf 90' lang='lat' dir='ltr'>negotii</span> <span class='ocrx_word' id='word_1_93' title='bbox 210 1611 308 1666; x_wconf 92' lang='lat' dir='ltr'>esset.</span> 
     </span>
    </p>

    <p class='ocr_par' dir='ltr' id='par_1_3' title="bbox 55 1702 1065 3649">
     <span class='ocr_line' id='line_1_14' title="bbox 147 1702 1042 1788; baseline -0.001 -18"><span class='ocrx_word' id='word_1_94' title='bbox 147 1704 197 1770; x_wconf 88' lang='lat'>35.</span> <span class='ocrx_word' id='word_1_95' title='bbox 222 1705 284 1770; x_wconf 91' lang='lat' dir='ltr'>His</span> <span class='ocrx_word' id='word_1_96' title='bbox 313 1705 479 1788; x_wconf 85' lang='lat' dir='ltr'>responsis</span> <span class='ocrx_word' id='word_1_97' title='bbox 508 1704 552 1768; x_wconf 88' lang='lat' dir='ltr'>ad</span> <span class='ocrx_word' id='word_1_98' title='bbox 575 1702 751 1769; x_wconf 81' lang='lat' dir='ltr'>Caesarem</span> <span class='ocrx_word' id='word_1_99' title='bbox 779 1705 891 1769; x_wconf 91' lang='lat' dir='ltr'>relatis</span> <span class='ocrx_word' id='word_1_100' title='bbox 924 1708 1042 1771; x_wconf 89' lang='lat' dir='ltr'>iterum</span> 
     </span>
     <span class='ocr_line' id='line_1_15' title="bbox 62 1805 1041 1889; baseline -0.001 -15"><span class='ocrx_word' id='word_1_101' title='bbox 62 1810 107 1875; x_wconf 87' lang='lat' dir='ltr'>ad</span> <span class='ocrx_word' id='word_1_102' title='bbox 130 1830 204 1873; x_wconf 90' lang='lat' dir='ltr'>eum</span> <span class='ocrx_word' id='word_1_103' title='bbox 227 1807 351 1872; x_wconf 82' lang='lat' dir='ltr'>Caesar</span> <span class='ocrx_word' id='word_1_104' title='bbox 384 1805 512 1889; x_wconf 86' lang='lat' dir='ltr'>legatos</span> <span class='ocrx_word' id='word_1_105' title='bbox 550 1829 624 1871; x_wconf 92' lang='lat' dir='ltr'>cum</span> <span class='ocrx_word' id='word_1_106' title='bbox 656 1807 705 1871; x_wconf 90' lang='lat' dir='ltr'>his</span> <span class='ocrx_word' id='word_1_107' title='bbox 733 1808 898 1873; x_wconf 86' lang='lat' dir='ltr'>mandatis</span> <span class='ocrx_word' id='word_1_108' title='bbox 929 1810 1041 1873; x_wconf 90' lang='lat' dir='ltr'>mittit:</span> 
     </span>
     <span class='ocr_line' id='line_1_16' title="bbox 61 1909 1065 1997; baseline -0.007 -20"><span class='ocrx_word' id='word_1_109' title='bbox 61 1912 217 1997; x_wconf 86' lang='lat' dir='ltr'>quoniam</span> <span class='ocrx_word' id='word_1_110' title='bbox 259 1920 351 1975; x_wconf 88' lang='lat' dir='ltr'>tanto</span> <span class='ocrx_word' id='word_1_111' title='bbox 388 1933 447 1975; x_wconf 91' lang='lat' dir='ltr'>suo</span> <span class='ocrx_word' id='word_1_112' title='bbox 485 1909 662 1995; x_wconf 88' lang='lat' dir='ltr'>populique</span> <span class='ocrx_word' id='word_1_113' title='bbox 700 1911 838 1975; x_wconf 85' lang='lat' dir='ltr'>Romani</span> <span class='ocrx_word' id='word_1_114' title='bbox 882 1910 1065 1976; x_wconf 80' lang='lat' dir='ltr'>beneficios</span> 
     </span>
     <span class='ocr_line' id='line_1_17' title="bbox 60 2013 1042 2101; baseline 0 -22"><span class='ocrx_word' id='word_1_115' title='bbox 60 2017 216 2096; x_wconf 87' lang='lat' dir='ltr'>affectus,</span> <span class='ocrx_word' id='word_1_116' title='bbox 251 2036 326 2078; x_wconf 90' lang='lat' dir='ltr'>cum</span> <span class='ocrx_word' id='word_1_117' title='bbox 354 2016 389 2079; x_wconf 92' lang='lat' dir='ltr'>in</span> <span class='ocrx_word' id='word_1_118' title='bbox 412 2013 587 2079; x_wconf 87' lang='lat' dir='ltr'>consulatu</span> <span class='ocrx_word' id='word_1_119' title='bbox 621 2036 679 2078; x_wconf 93' lang='lat' dir='ltr'>suo</span> <span class='ocrx_word' id='word_1_120' title='bbox 710 2037 768 2078; x_wconf 89' lang='lat' dir='ltr'>rex</span> <span class='ocrx_word' id='word_1_121' title='bbox 792 2024 891 2101; x_wconf 92' lang='lat' dir='ltr'>atque</span> <span class='ocrx_word' id='word_1_122' title='bbox 918 2018 1042 2079; x_wconf 86' lang='lat' dir='ltr'>amicus</span> 
     </span>
     <span class='ocr_line' id='line_1_18' title="bbox 61 2117 1042 2206; baseline -0.001 -21"><span class='ocrx_word' id='word_1_123' title='bbox 61 2143 81 2185; x_wconf 88' lang='lat' dir='ltr'>a</span> <span class='ocrx_word' id='word_1_124' title='bbox 106 2128 222 2183; x_wconf 89' lang='lat' dir='ltr'>senatu</span> <span class='ocrx_word' id='word_1_125' title='bbox 245 2118 430 2202; x_wconf 86' lang='lat' dir='ltr'>appellatus</span> <span class='ocrx_word' id='word_1_126' title='bbox 455 2125 552 2199; x_wconf 89' lang='lat' dir='ltr'>esset,</span> <span class='ocrx_word' id='word_1_127' title='bbox 577 2117 661 2182; x_wconf 87' lang='lat' dir='ltr'>hauc</span> <span class='ocrx_word' id='word_1_128' title='bbox 685 2117 748 2182; x_wconf 90' lang='lat' dir='ltr'>sibi</span> <span class='ocrx_word' id='word_1_129' title='bbox 772 2118 960 2206; x_wconf 91' lang='lat' dir='ltr'>populoque</span> <span class='ocrx_word' id='word_1_130' title='bbox 979 2121 1042 2184; x_wconf 92' lang='lat' dir='ltr'>Ro-</span> 
     </span>
     <span class='ocr_line' id='line_1_19' title="bbox 61 2221 1043 2308; baseline 0.001 -20"><span class='ocrx_word' id='word_1_131' title='bbox 61 2245 160 2288; x_wconf 91' lang='lat' dir='ltr'>mano</span> <span class='ocrx_word' id='word_1_132' title='bbox 178 2222 318 2306; x_wconf 87' lang='lat' dir='ltr'>gratiam</span> <span class='ocrx_word' id='word_1_133' title='bbox 339 2221 484 2299; x_wconf 85' lang='lat' dir='ltr'>referret,</span> <span class='ocrx_word' id='word_1_134' title='bbox 508 2231 544 2286; x_wconf 93' lang='lat' dir='ltr'>ut</span> <span class='ocrx_word' id='word_1_135' title='bbox 567 2223 599 2286; x_wconf 91' lang='lat' dir='ltr'>in</span> <span class='ocrx_word' id='word_1_136' title='bbox 615 2221 813 2308; x_wconf 87' lang='lat' dir='ltr'>colloquium</span> <span class='ocrx_word' id='word_1_137' title='bbox 828 2226 940 2289; x_wconf 88' lang='lat' dir='ltr'>venire</span> <span class='ocrx_word' id='word_1_138' title='bbox 962 2226 1043 2290; x_wconf 91' lang='lat' dir='ltr'>invi-</span> 
     </span>
     <span class='ocr_line' id='line_1_20' title="bbox 58 2325 1043 2410; baseline 0.001 -18"><span class='ocrx_word' id='word_1_139' title='bbox 58 2336 149 2392; x_wconf 87' lang='lat' dir='ltr'>tatus</span> <span class='ocrx_word' id='word_1_140' title='bbox 179 2335 374 2409; x_wconf 83' lang='lat' dir='ltr'>gravaretur</span> <span class='ocrx_word' id='word_1_141' title='bbox 403 2347 508 2410; x_wconf 91' lang='lat' dir='ltr'>neque</span> <span class='ocrx_word' id='word_1_142' title='bbox 536 2325 576 2389; x_wconf 89' lang='lat' dir='ltr'>de</span> <span class='ocrx_word' id='word_1_143' title='bbox 607 2329 771 2392; x_wconf 91' lang='lat' dir='ltr'>communi</span> <span class='ocrx_word' id='word_1_144' title='bbox 804 2350 839 2391; x_wconf 91' lang='lat' dir='ltr'>re</span> <span class='ocrx_word' id='word_1_145' title='bbox 869 2327 1043 2393; x_wconf 91' lang='lat' dir='ltr'>dicendum</span> 
     </span>
     <span class='ocr_line' id='line_1_21' title="bbox 60 2428 1041 2515; baseline 0.001 -21"><span class='ocrx_word' id='word_1_146' title='bbox 60 2429 123 2494; x_wconf 91' lang='lat' dir='ltr'>sibi</span> <span class='ocrx_word' id='word_1_147' title='bbox 147 2437 179 2494; x_wconf 91' lang='lat' dir='ltr'>et</span> <span class='ocrx_word' id='word_1_148' title='bbox 202 2428 470 2512; x_wconf 87' lang='lat' dir='ltr'>cognoscendum</span> <span class='ocrx_word' id='word_1_149' title='bbox 493 2437 640 2513; x_wconf 89' lang='lat' dir='ltr'>putaret,</span> <span class='ocrx_word' id='word_1_150' title='bbox 665 2428 747 2494; x_wconf 89' lang='lat' dir='ltr'>haec</span> <span class='ocrx_word' id='word_1_151' title='bbox 771 2452 859 2508; x_wconf 90' lang='lat' dir='ltr'>esse,</span> <span class='ocrx_word' id='word_1_152' title='bbox 892 2453 976 2515; x_wconf 88' lang='lat' dir='ltr'>quae</span> <span class='ocrx_word' id='word_1_153' title='bbox 1000 2432 1041 2496; x_wconf 90' lang='lat' dir='ltr'>ab</span> 
     </span>
     <span class='ocr_line' id='line_1_22' title="bbox 58 2531 1065 2617; baseline 0.002 -19"><span class='ocrx_word' id='word_1_154' title='bbox 58 2555 98 2598; x_wconf 92' lang='lat' dir='ltr'>eo</span> <span class='ocrx_word' id='word_1_155' title='bbox 123 2531 320 2617; x_wconf 89' lang='lat' dir='ltr'>postularet:</span> <span class='ocrx_word' id='word_1_156' title='bbox 354 2533 508 2616; x_wconf 86' lang='lat' dir='ltr'>primum,</span> <span class='ocrx_word' id='word_1_157' title='bbox 540 2555 702 2617; x_wconf 88' lang='lat' dir='ltr'>nequam</span> <span class='ocrx_word' id='word_1_158' title='bbox 725 2533 966 2598; x_wconf 89' lang='lat' dir='ltr'>multitudinem</span> <span class='ocrx_word' id='word_1_159' title='bbox 990 2534 1065 2600; x_wconf 84' lang='lat' dir='ltr'>ho=a</span> 
     </span>
     <span class='ocr_line' id='line_1_23' title="bbox 58 2634 1042 2720; baseline 0.002 -21"><span class='ocrx_word' id='word_1_160' title='bbox 58 2637 181 2700; x_wconf 91' lang='lat' dir='ltr'>minum</span> <span class='ocrx_word' id='word_1_161' title='bbox 197 2634 338 2720; x_wconf 89' lang='lat' dir='ltr'>amplius</span> <span class='ocrx_word' id='word_1_162' title='bbox 355 2645 445 2700; x_wconf 85' lang='lat' dir='ltr'>trans</span> <span class='ocrx_word' id='word_1_163' title='bbox 461 2635 611 2700; x_wconf 89' lang='lat' dir='ltr'>Rhenum</span> <span class='ocrx_word' id='word_1_164' title='bbox 627 2637 661 2700; x_wconf 91' lang='lat' dir='ltr'>in</span> <span class='ocrx_word' id='word_1_165' title='bbox 678 2635 822 2701; x_wconf 82' lang='lat' dir='ltr'>Galliam</span> <span class='ocrx_word' id='word_1_166' title='bbox 839 2636 1042 2719; x_wconf 77' lang='lat' dir='ltr'>traduceret3</span> 
     </span>
     <span class='ocr_line' id='line_1_24' title="bbox 59 2737 1044 2824; baseline 0.002 -22"><span class='ocrx_word' id='word_1_167' title='bbox 59 2738 178 2802; x_wconf 92' lang='lat' dir='ltr'>deinde</span> <span class='ocrx_word' id='word_1_168' title='bbox 201 2737 350 2821; x_wconf 90' lang='lat' dir='ltr'>obsides,</span> <span class='ocrx_word' id='word_1_169' title='bbox 379 2761 461 2824; x_wconf 90' lang='lat' dir='ltr'>quos</span> <span class='ocrx_word' id='word_1_170' title='bbox 489 2737 626 2803; x_wconf 88' lang='lat' dir='ltr'>haberet</span> <span class='ocrx_word' id='word_1_171' title='bbox 655 2737 697 2802; x_wconf 86' lang='lat' dir='ltr'>ab</span> <span class='ocrx_word' id='word_1_172' title='bbox 722 2739 863 2818; x_wconf 89' lang='lat' dir='ltr'>Aeduis,</span> <span class='ocrx_word' id='word_1_173' title='bbox 892 2739 1044 2804; x_wconf 91' lang='lat' dir='ltr'>redderet</span> 
     </span>
     <span class='ocr_line' id='line_1_25' title="bbox 59 2842 1043 2927; baseline -0.002 -20"><span class='ocrx_word' id='word_1_174' title='bbox 59 2842 288 2927; x_wconf 86' lang='lat' dir='ltr'>Sequanisque</span> <span class='ocrx_word' id='word_1_175' title='bbox 311 2843 529 2926; x_wconf 89' lang='lat' dir='ltr'>permitteret,</span> <span class='ocrx_word' id='word_1_176' title='bbox 552 2851 597 2919; x_wconf 88' lang='lat' dir='ltr'>ut,</span> <span class='ocrx_word' id='word_1_177' title='bbox 621 2865 704 2927; x_wconf 92' lang='lat' dir='ltr'>quos</span> <span class='ocrx_word' id='word_1_178' title='bbox 728 2842 774 2906; x_wconf 91' lang='lat' dir='ltr'>illi</span> <span class='ocrx_word' id='word_1_179' title='bbox 797 2842 964 2925; x_wconf 85' lang='lat' dir='ltr'>haberent,</span> <span class='ocrx_word' id='word_1_180' title='bbox 989 2866 1043 2906; x_wconf 90' lang='lat' dir='ltr'>vo·</span> 
     </span>
     <span class='ocr_line' id='line_1_26' title="bbox 56 2944 1042 3028; baseline 0 -18"><span class='ocrx_word' id='word_1_181' title='bbox 56 2945 185 3010; x_wconf 88' lang='lat' dir='ltr'>luntate</span> <span class='ocrx_word' id='word_1_182' title='bbox 226 2946 298 3009; x_wconf 92' lang='lat' dir='ltr'>eius</span> <span class='ocrx_word' id='word_1_183' title='bbox 336 2945 473 3011; x_wconf 89' lang='lat' dir='ltr'>reddere</span> <span class='ocrx_word' id='word_1_184' title='bbox 513 2944 577 3010; x_wconf 93' lang='lat' dir='ltr'>illis</span> <span class='ocrx_word' id='word_1_185' title='bbox 614 2945 749 3028; x_wconf 79' lang='lat' dir='ltr'>liceret3</span> <span class='ocrx_word' id='word_1_186' title='bbox 786 2969 870 3011; x_wconf 88' lang='lat' dir='ltr'>neve</span> <span class='ocrx_word' id='word_1_187' title='bbox 909 2946 1042 3010; x_wconf 84' lang='lat' dir='ltr'>Aeduos</span> 
     </span>
     <span class='ocr_line' id='line_1_27' title="bbox 60 3048 1041 3134; baseline 0.002 -23"><span class='ocrx_word' id='word_1_188' title='bbox 60 3049 181 3112; x_wconf 88' lang='lat' dir='ltr'>iniuria</span> <span class='ocrx_word' id='word_1_189' title='bbox 202 3048 391 3132; x_wconf 78' lang='lat' dir='ltr'>lacesseret,</span> <span class='ocrx_word' id='word_1_190' title='bbox 420 3071 503 3113; x_wconf 89' lang='lat' dir='ltr'>neve</span> <span class='ocrx_word' id='word_1_191' title='bbox 526 3049 576 3112; x_wconf 94' lang='lat' dir='ltr'>bis</span> <span class='ocrx_word' id='word_1_192' title='bbox 600 3050 763 3134; x_wconf 91' lang='lat' dir='ltr'>sociisque</span> <span class='ocrx_word' id='word_1_193' title='bbox 786 3071 898 3113; x_wconf 91' lang='lat' dir='ltr'>eorum</span> <span class='ocrx_word' id='word_1_194' title='bbox 920 3048 1041 3113; x_wconf 92' lang='lat' dir='ltr'>bellum</span> 
     </span>
     <span class='ocr_line' id='line_1_28' title="bbox 60 3151 1065 3238; baseline 0.001 -23"><span class='ocrx_word' id='word_1_195' title='bbox 60 3151 205 3216; x_wconf 87' lang='lat' dir='ltr'>inferret.</span> <span class='ocrx_word' id='word_1_196' title='bbox 229 3151 265 3217; x_wconf 83' lang='lat' dir='ltr'>Si</span> <span class='ocrx_word' id='word_1_197' title='bbox 288 3152 322 3216; x_wconf 93' lang='lat' dir='ltr'>id</span> <span class='ocrx_word' id='word_1_198' title='bbox 344 3153 391 3216; x_wconf 87' lang='lat' dir='ltr'>ita</span> <span class='ocrx_word' id='word_1_199' title='bbox 413 3153 561 3230; x_wconf 88' lang='lat' dir='ltr'>fecisset,</span> <span class='ocrx_word' id='word_1_200' title='bbox 596 3152 658 3216; x_wconf 92' lang='lat' dir='ltr'>sibi</span> <span class='ocrx_word' id='word_1_201' title='bbox 682 3152 870 3238; x_wconf 93' lang='lat' dir='ltr'>populoque</span> <span class='ocrx_word' id='word_1_202' title='bbox 892 3153 1065 3217; x_wconf 74' lang='lat' dir='ltr'>Romanoa</span> 
     </span>
     <span class='ocr_line' id='line_1_29' title="bbox 56 3256 1044 3340; baseline 0.002 -22"><span class='ocrx_word' id='word_1_203' title='bbox 56 3264 251 3340; x_wconf 88' lang='lat' dir='ltr'>perpetuam</span> <span class='ocrx_word' id='word_1_204' title='bbox 281 3258 420 3338; x_wconf 85' lang='lat' dir='ltr'>gratiam</span> <span class='ocrx_word' id='word_1_205' title='bbox 450 3265 549 3340; x_wconf 90' lang='lat' dir='ltr'>atque</span> <span class='ocrx_word' id='word_1_206' title='bbox 582 3256 760 3320; x_wconf 89' lang='lat' dir='ltr'>amicitiam</span> <span class='ocrx_word' id='word_1_207' title='bbox 788 3277 863 3320; x_wconf 91' lang='lat' dir='ltr'>cum</span> <span class='ocrx_word' id='word_1_208' title='bbox 893 3277 931 3320; x_wconf 92' lang='lat' dir='ltr'>eo</span> <span class='ocrx_word' id='word_1_209' title='bbox 960 3256 1044 3320; x_wconf 88' lang='lat' dir='ltr'>futu·</span> 
     </span>
     <span class='ocr_line' id='line_1_30' title="bbox 55 3358 1041 3444; baseline 0 -22"><span class='ocrx_word' id='word_1_210' title='bbox 55 3380 147 3422; x_wconf 85' lang='lat' dir='ltr'>ram:</span> <span class='ocrx_word' id='word_1_211' title='bbox 172 3360 199 3423; x_wconf 91' lang='lat' dir='ltr'>si</span> <span class='ocrx_word' id='word_1_212' title='bbox 221 3381 289 3422; x_wconf 92' lang='lat' dir='ltr'>non</span> <span class='ocrx_word' id='word_1_213' title='bbox 311 3359 510 3443; x_wconf 87' lang='lat' dir='ltr'>impetraret,</span> <span class='ocrx_word' id='word_1_214' title='bbox 535 3380 615 3439; x_wconf 86' lang='lat' dir='ltr'>sese,</span> <span class='ocrx_word' id='word_1_215' title='bbox 640 3360 795 3444; x_wconf 90' lang='lat' dir='ltr'>quoniam</span> <span class='ocrx_word' id='word_1_216' title='bbox 819 3359 861 3421; x_wconf 92' lang='lat' dir='ltr'>M.</span> <span class='ocrx_word' id='word_1_217' title='bbox 885 3358 1041 3437; x_wconf 89' lang='lat' dir='ltr'>Messala,</span> 
     </span>
     <span class='ocr_line' id='line_1_31' title="bbox 55 3460 1042 3547; baseline 0.001 -23"><span class='ocrx_word' id='word_1_218' title='bbox 55 3460 102 3525; x_wconf 87' lang='lat' dir='ltr'>M.</span> <span class='ocrx_word' id='word_1_219' title='bbox 126 3461 245 3526; x_wconf 91' lang='lat' dir='ltr'>Pisone</span> <span class='ocrx_word' id='word_1_220' title='bbox 274 3460 465 3526; x_wconf 91' lang='lat' dir='ltr'>consulibus</span> <span class='ocrx_word' id='word_1_221' title='bbox 497 3469 630 3526; x_wconf 86' lang='lat' dir='ltr'>senatus</span> <span class='ocrx_word' id='word_1_222' title='bbox 659 3463 857 3543; x_wconf 88' lang='lat' dir='ltr'>censuisset,</span> <span class='ocrx_word' id='word_1_223' title='bbox 893 3463 950 3544; x_wconf 87' lang='lat' dir='ltr'>uti,</span> <span class='ocrx_word' id='word_1_224' title='bbox 975 3463 1042 3547; x_wconf 94' lang='lat' dir='ltr'>qui·</span> 
     </span>
     <span class='ocr_line' id='line_1_32' title="bbox 56 3562 1042 3649; baseline 0.002 -22"><span class='ocrx_word' id='word_1_225' title='bbox 56 3585 197 3648; x_wconf 90' lang='lat' dir='ltr'>cumque</span> <span class='ocrx_word' id='word_1_226' title='bbox 227 3562 371 3628; x_wconf 82' lang='lat' dir='ltr'>Galliam</span> <span class='ocrx_word' id='word_1_227' title='bbox 400 3567 605 3649; x_wconf 84' lang='lat' dir='ltr'>provinciam</span> <span class='ocrx_word' id='word_1_228' title='bbox 635 3563 811 3645; x_wconf 88' lang='lat' dir='ltr'>obtineret,</span> <span class='ocrx_word' id='word_1_229' title='bbox 843 3565 932 3649; x_wconf 87' lang='lat' dir='ltr'>quod</span> <span class='ocrx_word' id='word_1_230' title='bbox 955 3586 1042 3629; x_wconf 91' lang='lat' dir='ltr'>com·</span> 
     </span>
    </p>
   </div>
   <div class='ocr_carea' id='block_1_3' title="bbox 0 0 1220 4028">
    <p class='ocr_par' dir='ltr' id='par_1_4' title="bbox 0 0 1220 4028">
     <span class='ocr_line' id='line_1_33' title="bbox 0 0 1220 4028; baseline 0 0"><span class='ocrx_word' id='word_1_231' title='bbox 0 0 1220 4028; x_wconf 95' lang='lat' dir='ltr'> </span> 
     </span>
    </p>
   </div>
  </div>
 </body>
</html>
