2430 4028
397 243 509 296 nmen
525 243 599 306 vm,
619 243 694 295 cnr.
715 245 790 294 1-a.
1023 247 1084 312 231

102 436 266 501 videatur.
301 433 402 501 Cuius
424 445 535 502 tamen
557 437 604 501 rei
627 436 732 502 maior
754 446 867 501 nostra
890 458 988 522 quarn
1010 438 1108 508 relic

100 549 247 626 'quorum
262 547 312 604 est
326 539 517 604 admiratio:
535 541 635 604 ceteri
651 540 747 622 enim,
772 561 870 624 quam
887 539 970 606 bene
986 550 1085 627 atque

105 641 296 720 emendate,
325 665 386 709 nos
410 646 527 726 etiam,
556 664 655 729 quam
682 643 779 709 facile
809 652 908 730 atque
938 644 1088 712 celeriter

105 769 164 812 eos
188 747 372 832 perfecerit,
396 749 527 811 scimus.
551 747 634 812 Erat
655 754 766 812 autem
788 749 821 811 in
845 747 989 814 Caesare
1012 771 1110 817 cumr

105 852 251 918 facultas
268 861 366 937 atque
383 850 550 934 elegantia
566 872 692 915 summa
709 850 882 933 scribendi,
904 862 971 918 tum
988 857 1087 919 veris·

104 958 191 1020 sima
227 955 364 1021 scientia
399 976 532 1020 suorum
566 955 776 1020 consiliorum
805 956 1086 1041 explicandorum.

104 1057 191 1123 Mihi
213 1081 255 1123 ne
277 1056 359 1122 illud
382 1057 514 1143 quidem
529 1058 658 1140 accidit,
683 1067 720 1121 ut
737 1057 964 1126 Alexandrino
989 1072 1110 1149 atquea

104 1161 268 1227 Africano
297 1160 385 1227 bello
412 1164 618 1245 interessem
652 1183 736 1247 quae
769 1161 856 1227 bella
889 1187 1088 1251 quamquam

103 1288 148 1329 ex
173 1274 268 1348 parte
290 1264 386 1331 nobis
406 1263 560 1330 Caesaris
583 1287 732 1330 sermone
755 1275 830 1330 sunt
852 1277 947 1351 nota,
976 1278 1087 1335 tamen

104 1368 204 1432 aliter
227 1368 377 1433 audimus
400 1390 450 1450 ea,
474 1391 559 1454 quae
574 1391 682 1433 rerum
704 1370 851 1434 novitate
874 1380 931 1435 aut
948 1371 1086 1438 admira·

104 1474 197 1536 tione
219 1494 282 1537 nos
300 1472 446 1558 capiunt,
463 1471 568 1557 aliter,
593 1494 676 1558 quae
694 1494 753 1557 pro
770 1474 957 1539 testimonio
975 1499 1087 1541 sumus

105 1575 240 1640 dicturi.
265 1572 331 1638 Sed
355 1595 416 1658 ego
438 1576 602 1657 nimirum,
627 1572 704 1639 dum
728 1597 840 1641 omnes
863 1580 1109 1647 excusationisa

105 1700 227 1742 causas
251 1675 388 1761 colligo,
411 1701 453 1742 ne
475 1700 550 1742 cum
573 1675 715 1743 Caesare
737 1681 898 1759 conferas,
927 1681 990 1746 boo
1012 1685 1085 1769 ipso

104 1784 233 1846 crimen
257 1782 465 1865 arrogantiae
488 1781 607 1867 sube0,
640 1782 727 1869 quod
758 1807 810 1849 me
836 1784 956 1850 iudicio
980 1789 1085 1851 cuins·

106 1908 209 1971 quam
226 1885 410 1950 existimem
424 1907 522 1970 posse
535 1907 610 1950 oum
622 1884 765 1951 Caesare
780 1891 974 1972 comparari.
991 1890 1085 1954 Vale.

196 1987 226 2052 1.
251 1986 350 2054 Omni
366 1986 478 2053 Gallia
501 1989 631 2081 deuicta
647 1986 771 2055 Caesar
793 2012 867 2055 cum
883 2014 903 2054 a
919 1994 1087 2077 superiore

104 2100 236 2158 aestate
263 2089 389 2155 nullum
418 2090 563 2156 bellandi
590 2101 718 2177 tempus
748 2095 977 2159 intermisisset
1005 2096 1086 2160 mili-

103 2211 222 2282 tesque
244 2193 455 2260 hibernorum
477 2198 585 2281 quiete
608 2195 742 2261 reficere
765 2221 784 2260 a
800 2201 900 2264 tantis
916 2198 1086 2265 laboribus

102 2298 216 2382 vellet,
240 2296 426 2382 complures
450 2297 566 2363 eodem
582 2308 729 2384 tempore
753 2302 905 2366 civitates
928 2325 1087 2368 renovare

102 2402 185 2470 belli
207 2402 349 2469 consilia
372 2402 611 2468 nuntiabantur
632 2407 943 2492 coniurationesque
965 2407 1086 2471 facere.

105 2506 212 2572 Cuius
234 2509 283 2572 rei
306 2507 494 2572 verisimilis
516 2529 619 2573 causa
644 2507 851 2588 afferebatur,
876 2509 964 2595 quod
980 2509 1109 2576 Gallisa

104 2609 260 2677 omnibus
290 2614 459 2694 cognitum
483 2621 571 2676 esset
597 2633 704 2699 neque
734 2612 802 2676 ulla
824 2612 1031 2678 multitudine
1053 2615 1087 2678 in

102 2736 208 2780 unum
229 2712 340 2779 locum
361 2721 482 2778 coacta
504 2716 614 2779 resisti
636 2737 736 2800 posse
758 2716 934 2794 Romanis,
963 2739 1034 2792 nee,
1059 2718 1086 2782 si

105 2818 241 2884 diversa
261 2815 351 2881 bella
379 2816 565 2902 complures
589 2818 705 2883 eodem
727 2828 876 2904 tempore
902 2820 1087 2885 intulissent

106 2922 273 3002 civitates,
296 2921 379 2986 satis
401 2921 517 2986 auxilii
534 2932 592 2989 ant
615 2925 714 3007 spatii
732 2932 790 2989 aut
805 2925 975 3008 copiarum
998 2923 1088 2988 habi-

103 3036 216 3090 turum
244 3025 424 3089 exercitum
453 3025 566 3111 populi
595 3028 734 3092 Romani
765 3028 809 3093 ad
841 3029 951 3092 omnia
979 3050 1088 3113 perse·

105 3128 257 3216 quenda3
273 3150 340 3194 non
355 3151 428 3196 esse
443 3140 554 3195 autem
570 3130 668 3195 alicui
685 3133 811 3196 civitati
829 3141 950 3196 sortem
965 3133 1109 3197 income

103 3233 199 3298 modi
221 3233 451 3311 recusandam,
476 3236 503 3298 ai
526 3234 585 3298 tali
607 3256 702 3301 mora
724 3235 869 3321 reliquae
892 3246 1029 3320 possent
1052 3259 1087 3301 se

102 3336 277 3403 vindicare
298 3339 333 3402 in
362 3335 556 3402 libertatem.

208 3439 240 3507 2.
269 3439 365 3522 Quae
394 3462 436 3505 ne
471 3444 580 3526 opinio
612 3441 783 3507 Gallorum
823 3442 1084 3522 confirmaretur,

104 3542 232 3611 Caesar
246 3543 396 3611 Marcum
408 3541 591 3613 Antonium
606 3555 815 3633 quaestorem
838 3549 905 3612 suis
928 3548 1087 3633 praefecit
