2430 4028
347 265 458 316 arnna
475 265 535 330 vn,
556 265 631 316 cre.
651 267 762 316 ao-ra.
987 266 1048 331 185

59 467 138 524 sunt
161 457 317 522 ferrariae
334 466 433 543 atque
450 480 544 522 omne
561 480 665 542 genus
682 455 910 522 cuniculorum
933 466 1047 522 notum

60 570 163 647 atque
186 562 342 626 usitatum
367 572 425 627 est.
464 562 584 626 Totum
607 563 866 626 autem'murum
891 582 933 625 ex
958 564 1068 627 omnia

61 673 160 750 parte
182 664 328 729 turribus
352 663 649 729 contabulaverant
671 673 768 749 atque
796 665 855 729 has
879 665 975 729 coriis
997 666 1045 730 in-

66 777 230 833 texerent.
253 769 338 833 Tum
356 768 479 833 crebris
497 769 621 833 diurnis
644 770 878 853 nocturnisque
902 770 1067 853 eruptio-r

63 870 164 937 nibus
187 881 245 938 aut
268 873 380 956 aggeri
403 875 512 957 ignem
528 871 712 938 inferebant
736 881 793 936 aut
808 871 928 936 milites
952 894 1047 936 occu-

61 986 162 1062 patos
192 977 226 1040 in
251 996 349 1058 opere
372 975 606 1041 adoriebantur
636 985 668 1040 et
696 987 883 1042 nostrarum
911 978 1048 1042 turrium

60 1078 292 1161 altitudinem,
338 1087 495 1165 quantum
535 1079 594 1143 has
628 1081 812 1145 cotidianus
854 1103 956 1164 agger
993 1103 1047 1144 ex-

59 1191 245 1269 presserat,
277 1183 460 1246 commissis
492 1203 623 1246 suarum
657 1185 791 1248 turrium
824 1183 920 1248 malis
951 1183 1068 1253 adae-5

59 1286 212 1372 quabant
234 1293 267 1348 et
290 1293 421 1370 apertos
445 1284 613 1349 cuniculos
635 1296 790 1370 praeusta
813 1296 845 1350 et
867 1296 1048 1370 praeacuta

57 1391 201 1455 materia
239 1399 272 1454 et
308 1389 382 1473 pice
425 1389 606 1454 fervefacta
649 1398 682 1454 et
718 1391 855 1455 maximi
892 1389 1045 1473 ponderis

58 1496 152 1560 saxis
175 1491 391 1557 morabantur
420 1491 655 1578 moenibusque
685 1496 951 1578 appropinquare
973 1515 1046 1578 pro·

57 1596 230 1663 bibebant.

146 1699 199 1764 23.
223 1698 310 1763 Muri
339 1709 449 1764 autem
479 1722 591 1765 omnes
616 1699 735 1764 Gallici
763 1698 825 1764 hac
849 1700 918 1764 fere
940 1700 1046 1765 forma

59 1813 146 1869 sunt.
193 1801 319 1867 Trabes
349 1803 493 1867 directae
527 1812 708 1888 perpetuae
741 1805 773 1867 in
808 1802 1047 1886 longitudinem

57 1907 196 1993 paribus
224 1906 416 1988 intervallis,
447 1909 607 1971 distantes
637 1909 721 1971 inter
750 1930 784 1971 se
808 1906 902 1971 binos
934 1907 1045 1992 pedeS,

56 2014 90 2076 iu
115 2010 188 2075 solo
212 2009 426 2090 collocantur.
472 2010 545 2074 Hae
569 2012 792 2075 revinciuntur
822 2010 982 2075 introrsus
1013 2020 1068 2076 eta

56 2114 163 2179 multo
188 2134 307 2199 aggere
337 2117 532 2195 vestiuntur3
564 2137 603 2177 ea
627 2123 752 2194 autem,
783 2136 866 2198 quae
892 2113 1045 2192 diximus,

56 2216 237 2283 intervalla
270 2217 449 2301 grandibus
482 2219 515 2281 in
551 2219 657 2282 fronte
696 2219 787 2282 saxis
825 2218 1044 2282 effaroiuntur.

56 2322 121 2386 His
157 2321 329 2386 collocatis
359 2330 391 2386 et
425 2324 664 2405 coagmentatis
695 2322 777 2386 alius
801 2327 935 2406 insuper
964 2320 1068 2385 ordor

57 2425 209 2509 additur,
240 2434 275 2489 ut
304 2425 390 2490 idem
420 2425 501 2490 illud
524 2425 731 2491 intervallum
762 2435 916 2501 servetur,
940 2446 1046 2509 neque

56 2532 145 2595 inter
168 2551 203 2594 se
226 2531 419 2614 contingant
442 2528 563 2607 trabea,
601 2529 659 2592 sed
682 2528 816 2613 paribus
841 2527 1046 2592 intermissae

57 2633 177 2719 spatiis
200 2631 349 2715 singulae
373 2632 509 2714 singulis
535 2633 624 2696 saxis
647 2633 827 2696 interiectis
850 2640 920 2695 arte
944 2631 1047 2694 conti·

55 2743 209 2800 neantnr.
245 2735 299 2800 Sic
324 2736 478 2820 deinceps
504 2757 598 2799 omne
623 2757 705 2819 opus
729 2735 932 2813 contexitur,
968 2734 1068 2798 dumi

55 2842 147 2904 iusta
171 2839 255 2903 muri
278 2837 417 2902 altitudo
443 2836 624 2921 expleatur.
648 2837 722 2903 Hoc
746 2861 820 2903 cum
844 2840 875 2902 in
901 2839 1068 2924 speciems

55 2942 316 3026 varietatemque
351 2963 433 3026 opus
468 2941 612 3005 deforme
641 2962 706 3006 non
736 2951 786 3005 est
813 2941 947 3005 alternis
978 2950 1045 3005 tra-

55 3045 154 3111 bibus
178 3066 218 3111 ac
241 3047 342 3126 saxis,
368 3067 452 3129 quae
474 3044 572 3109 rectis
603 3044 697 3108 lineis
721 3067 798 3110 suos
823 3045 952 3109 ordines
977 3066 1044 3108 ser·

56 3157 150 3232 vant,
189 3157 259 3214 tum
297 3148 339 3212 ad
377 3145 552 3212 utilitatem
590 3157 622 3210 et
657 3147 881 3212 defensionem
915 3147 1044 3211 urbium

58 3274 221 3319 summam
243 3250 344 3316 habet
361 3253 649 3336 opportunitatem,
667 3252 755 3336 quod
779 3261 811 3315 et
833 3249 876 3316 ab
893 3251 1043 3315 incendio

59 3355 146 3442 lapis
165 3347 202 3420 ct
225 3354 268 3420 ab
297 3357 399 3420 ariete
422 3355 559 3420 materia
582 3354 737 3437 defendit,
769 3376 853 3440 quae
877 3357 1043 3439 perpetuis

57 3457 209 3525 trabibus
243 3458 345 3544 pedes
380 3457 611 3545 quadragenos
652 3458 842 3543 plerumque
880 3461 1043 3523 introrsus

55 3565 206 3628 revincta
228 3584 333 3646 neque
357 3565 523 3647 perrumpi
547 3584 652 3647 neque
677 3562 814 3626 distrahi
838 3572 956 3646 potest.
