2416 4028
321 237 430 289 LIBER
447 237 522 300 VIII,
533 237 618 292 CAP.
639 237 714 288 2-5.
949 234 1012 303 233

29 428 167 494 dedisse
191 427 323 494 obsides
348 437 446 514 atque
469 430 503 492 in
525 427 622 492 fidem
646 434 796 514 receptas
820 448 902 510 esse,
926 426 1014 492 idem

29 530 192 597 lecerunt.
708 531 710 534 ’
745 549 747 556 ’
823 551 824 555 ’

125 633 298 701 4.·Caesar
310 634 467 701 militibus
483 657 542 722 pro
557 642 649 699 tanto
662 632 776 698 labore
789 655 828 699 ac
845 634 1014 717 patientia,

31 741 88 826 qui
111 738 316 804 brumalibus
341 738 457 805 diebus
480 737 893 815 itineribusdiffieillimis,
916 738 1014 821 frigo·

32 842 126 908 ribus
164 843 380 908 intolerandis
419 843 658 908 studiosissime
696 850 945 928 permanserant
981 843 1015 905 in

32 945 166 1030 labore,
181 1002 183 1007 .
198 946 344 1014 ducenos
369 948 552 1030 sestertios,
582 945 827 1011 centurionibus
845 937 904 1010 'tot
925 944 1016 1008 milia

30 1072 201 1115 nummum
225 1050 369 1137 praedae
385 1051 515 1115 nomine
532 1034 948 1134 condonanda'polli'cetur
970 1035 1015 1112 le·

33 1153 254 1239 gionibusque
277 1156 311 1218 in
338 1153 477 1220 hiberna
500 1156 646 1221 remissis
671 1156 742 1239 ipse
766 1177 800 1219 se
822 1143 1016 1237 recipit'die

32 1274 145 1320 xxxx.
153 1256 319 1323 Bibracte.
336 1256 387 1323 lbi
405 1280 478 1322 cum
495 1259 545 1323 ius
558 1258 692 1342 diceret,
709 1259 874 1343 Bituriges
888 1257 931 1324 ad
944 1279 1039 1322 eume

33 1361 163 1446 legatos
186 1362 322 1425 mittunt
350 1361 509 1425 auxilium
539 1363 677 1447 petitum
707 1354 822 1426 eontra
846 1359 1017 1445 Carnutes,

36 1486 121 1550 quos
156 1463 461 1530 intulissebellum
479 1499 481 1508 r
499 1465 562 1530 sibi
600 1459 829 1552 querebantur.
875 1463 949 1545 Qua
982 1487 1039 1529 res

36 1569 187 1652 cognita,
220 1589 293 1633 cum
326 1568 395 1634 dies
419 1591 485 1633 non
514 1563 799 1655 ampliusdecem
829 1578 861 1633 et
885 1578 960 1635 octo
984 1570 1019 1632 in

36 1668 184 1737 hibernis
219 1682 318 1738 esset.
341 1682 505 1755 moratus,
540 1673 685 1758 legiones
715 1690 804 1737 x1111.
841 1681 874 1737 et
901 1689 946 1736 VI.
977 1694 1020 1736 ex

38 1775 187 1841 hibernis
211 1776 253 1841 ab
270 1775 374 1841 Arare
395 1777 515 1856 educit,
540 1776 690 1862 quesibi
714 1776 894 1841 collocatas
919 1773 1020 1860 expli·

36 1882 167 1946 candae
195 1882 243 1945 rei
265 1881 498 1946 frumentariae
527 1901 629 1945 causa
655 1876 825 1964 ¹superiore
857 1900 1019 1943 commen·
1055 1896 1060 1903 ·

35 1988 121 2050 tario
146 1985 406 2050 demonstratum
430 1995 494 2068 est3
517 1987 564 2050 ita
583 2006 657 2049 cum
681 1983 808 2049 duabus
833 1982 1017 2066 legionibus

36 2089 80 2154 ad
104 2089 351 2175 persequendos
376 2087 536 2154 Carnutes
560 2087 790 2174 proficiscitur.

125 2191 157 2256 5.
182 2189 265 2257 Cum
279 2193 376 2258 'sama
394 2194 558 2257 exercitus
582 2191 624 2256 ad
642 2191 754 2257 hostes
778 2202 865 2257 esset
881 2191 1019 2278 perlata,

38 2293 230 2361 calamitate
260 2305 442 2361 ceterorum
472 2295 562 2362 ducti
591 2293 751 2361 Carnutes
779 2294 917 2361 desertis
939 2295 1021 2360 vicis

39 2398 256 2484 oppidisque,
286 2421 370 2484 quae
399 2398 595 2464 tolerandae
625 2398 742 2465 hiemis
771 2421 872 2464 causa
901 2401 1022 2464 consti-

40 2502 122 2567 tutis
149 2512 284 2586 repente
313 2504 440 2588 exiguis
470 2503 513 2567 ad
536 2504 765 2569 necessitatem
794 2502 953 2568 aedificiis
975 2504 1023 2567 in-

40 2603 197 2670 colebant
220 2606 338 2691 (nuper
359 2608 444 2671 enim
468 2607 588 2672 devicti
604 2606 774 2694 complura
791 2606 914 2692 oppida
931 2606 1023 2670 dimi-

41 2709 185 2792 serant),
210 2707 348 2794 dIspersi
371 2710 570 2796 profugiunt.
606 2708 730 2775 Caesar
753 2717 960 2795 erumpentes
983 2730 1044 2772 eor

40 2813 185 2876 maxime
208 2820 355 2897 tempore
378 2815 555 2878 acerrimas
578 2821 791 2898 tempestates
815 2835 890 2877 cum
914 2810 1022 2876 subire

40 2915 160 2980 milites
173 2914 286 2999 nollet,
293 2917 327 2979 in
341 2915 462 3001 oppido
471 2914 651 2982 Carnutum
660 2916 799 2982 Cenabo
813 2917 1023 3001 castraponit

42 3028 142 3104 atque
164 3019 198 3083 in
221 3021 452 3103 tectapartim
476 3018 663 3102 Gallorum,
687 3020 808 3103 partim
832 3041 916 3105 quae
946 3041 1023 3085 con·

42 3124 139 3187 iectis
159 3121 308 3187 celeriter
333 3125 519 3188 stramentis
533 3126 757 3189 'tentoriorum
774 3122 1023 3206 integendorum

42 3226 152 3310 gratia
170 3222 304 3289 collectis
325 3229 420 3291 erant
450 3226 676 3306 inaedificata,
703 3225 822 3291 milites
851 3227 1025 3311 compegit.

42 3329 180 3416 Equites
196 3336 306 3394 tamen
322 3340 357 3395 et
379 3330 575 3397 auxiliarios
590 3330 717 3416 pedites
736 3331 770 3393 in
787 3351 898 3394 omnes
914 3338 1048 3415 partese

39 3436 150 3512 mittit,
174 3455 397 3520 quascumque
426 3437 548 3520 petisse
578 3434 775 3500 dicebantur
801 3432 929 3518 hostes,
963 3456 1025 3498 nec

38 3541 179 3622 bustra3
202 3559 280 3604 nam
303 3539 494 3626 plerumque
517 3562 637 3626 magna
659 3537 786 3626 praeda
800 3538 897 3626 potiti
919 3539 1026 3604 nostri
