2430 4028
492 869 533 934 A.
557 867 700 933 HIRTll

168 1027 278 1136 DE
328 1027 604 1137 BELLO
648 1025 1027 1137 CALLICO

400 1239 543 1294 LIBER
574 1238 802 1296 OCTAVUS.

522 1423 675 1430 η.-

454 1591 745 1648 ARGUMENTUM.

102 1713 146 1784 [A.
167 1713 202 1770 U.
223 1714 252 1768 C.
271 1713 338 1782 toa]
360 1714 465 1766 Hirtius
484 1730 526 1765 res
546 1719 641 1765 octavo
659 1715 864 1781 proconsulatus
883 1731 954 1766 anno
973 1717 1006 1767 ab
1021 1715 1088 1768 Cae·

131 1815 202 1852 'sare
225 1802 254 1850 in
279 1801 370 1852 Gallia
393 1806 483 1868 gestas
511 1807 670 1852 narraturus
697 1801 834 1867 praefatur
861 1801 978 1867 epistula
999 1803 1087 1853 Balbo

89 1936 92 1945 ,
136 1887 278 1952 rescripta.
307 1887 393 1938 Callis
413 1888 501 1938 denuo
521 1888 733 1950 coniurantibus,
753 1904 776 1938 c.
795 1889 818 1952 1,
847 1887 948 1939 Caesar
966 1889 1088 1955 singulas

139 1972 266 2045 civitates
285 1989 318 2024 ex
336 1975 475 2041 inopinato
491 1974 601 2024 adortus
615 1975 750 2040 Bituriges
768 1975 798 2023 in
811 1974 976 2025 deditionem
988 1975 1089 2041 accipit

137 2074 161 2108 c.
181 2060 207 2109 2.
225 2060 250 2123 3,
279 2058 409 2110 Carnutes
434 2061 561 2126 opprimit
588 2076 610 2112 c.
634 2060 659 2114 4.
684 2062 708 2121 b,
735 2060 829 2110 tertios
852 2060 1014 2112 Bellovacos
1043 2061 1087 2112 de-

87 2133 90 2141 ’
138 2144 229 2195 bellat
251 2160 274 2195 e.
298 2146 391 2198 6-22.
426 2145 578 2196 Narrantnr
605 2145 721 2196 insidiae
749 2147 886 2212 superiore
913 2163 984 2199 anno
1012 2149 1088 2198 iussu

136 2231 256 2283 Labieni
275 2230 395 2281 Commio
414 2231 537 2283 Atrebati
555 2242 665 2298 paratae
685 2249 707 2283 c.
726 2233 767 2282 23.
803 2233 932 2284 Exercitu
950 2234 1041 2300 plures
1059 2235 1087 2284 in

136 2321 231 2384 partes
250 2317 338 2368 diviso
358 2316 459 2369 Caesar
476 2318 564 2369 denuo
583 2319 742 2369 Eburonum
760 2319 827 2370 fines
840 2319 986 2385 populatur
1004 2336 1025 2374 c.
1040 2323 1086 2385 243

136 2404 292 2455 Labienum
310 2404 339 2453 in
352 2404 484 2455 Treveros
503 2406 587 2456 mittit
604 2422 627 2456 c.
643 2407 683 2456 26.
703 2407 869 2468 Dumnacus,
888 2406 1006 2457 Andium
1025 2408 1087 2470 dux,

86 2549 90 2557 ‘
135 2491 279 2541 Limonem
302 2490 429 2541 obsidens
453 2492 568 2557 primum
592 2506 609 2541 a
633 2492 662 2544 C.
683 2491 797 2542 Caninio
821 2491 912 2558 legato
937 2500 1086 2559 superatur,

136 2593 200 2628 mox
227 2593 245 2628 a
269 2575 298 2627 C.
323 2577 409 2628 Fabio
434 2579 464 2628 in
486 2578 577 2644 fugam
602 2579 734 2629 conicitur
759 2595 782 2629 c.
809 2580 919 2630 26-29.
957 2578 1087 2630 Caninius

135 2665 303 2730 Drappetem
323 2664 455 2716 Senonem
476 2674 503 2715 et
520 2665 677 2716 Lucterium
691 2663 842 2715 Cadurcum
861 2666 1028 2730 provinciam
1046 2666 1086 2715 in-

136 2750 238 2802 vadere
269 2757 380 2801 conatos
400 2751 571 2818 persequitur
598 2767 620 2802 c.
645 2751 686 2805 30.
705 2750 836 2802 Carnutes
856 2754 974 2817 itemque
993 2752 1085 2802 Armo-

134 2839 209 2887 ricae
229 2837 353 2889 civitates
371 2852 388 2887 a
406 2838 492 2889 Fabio
516 2839 545 2887 in
564 2836 644 2888 fidem
664 2839 830 2903 recipiuntur
855 2855 878 2892 c.
896 2839 937 2892 ³1.
974 2838 1086 2890 Uxello-

135 2924 249 2988 dunum,
274 2938 326 2988 quo
350 2923 474 2989 Drappes
494 2928 520 2974 et
538 2923 682 2974 Lucterius
701 2923 887 2989 confugerant,
914 2924 1054 2975 obsidetur
1071 2941 1088 2976 a

135 3010 252 3061 Caninio
271 3027 293 3063 c.
306 3013 348 3061 32.
361 3011 404 3075 33,
433 3011 480 3076 qui
492 3010 674 3061 frumentandi
693 3025 775 3061 causa
794 3027 827 3061 ex
845 3010 944 3077 oppido
964 3027 1087 3077 egressos

134 3096 244 3161 repellit
262 3112 284 3146 c.
303 3097 342 3148 34.
363 3095 405 3160 35,
423 3097 569 3163 Drappetis
588 3101 677 3148 castra
696 3101 834 3162 expugnat
851 3098 994 3162 ipsumque
1014 3099 1089 3164 capit

134 3197 157 3232 c.
177 3183 219 3235 36.
237 3184 310 3233 Dum
329 3184 456 3248 operibus
469 3184 669 3235 Uxellodunum
688 3183 843 3245 includitur,
863 3183 965 3234 Caesar
982 3185 1010 3233 in
1021 3182 1085 3234 Car-

134 3273 215 3318 nutes
240 3269 377 3334 profectus
405 3269 439 3320 de
467 3269 598 3322 Gutruato
631 3271 699 3321 belli
727 3271 892 3321 concitatore
922 3268 1086 3335 supplicium

136 3355 222 3405 sumit
239 3370 263 3405 c.
280 3356 322 3406 at.
340 3357 382 3407 38.
419 3355 543 3407 Caesaris
563 3356 598 3407 ad
615 3355 817 3408 Uxellodunum
836 3356 982 3420 adventus3
1011 3355 1087 3421 oppi-

135 3441 202 3493 dani
220 3440 255 3491 ab
274 3443 493 3508 aquaprohibiti
511 3443 694 3494 Romanorum
713 3458 795 3509 opera
812 3441 976 3507 incendunt3
995 3447 1086 3493 tamen

134 3527 197 3580 fons
221 3527 314 3595 oppidi
338 3529 472 3581 cuniculis
495 3530 667 3596 intercipitur
692 3547 714 3581 c.
737 3531 848 3581 aa-ra.
890 3526 1027 3597 Oppidani
1052 3527 1087 3579 ad
