2430 4028
134 274 176 340 92
212 349 216 355 ,
442 275 491 325 nn
510 275 630 326 annno
651 273 809 326 cantico

100 496 125 536 lo
135 467 333 554 exciperent,
372 474 406 531 et
438 464 523 529 aliae
556 466 634 530 item
666 487 767 550 supra
796 473 930 550 pontem
959 465 1120 532 mediocri

135 572 259 655 spatio,
289 578 335 653 ut,
365 571 392 634 si
415 568 569 634 arborum
592 570 699 633 trunci
728 569 798 634 sive
820 591 923 634 naves
953 568 1121 636 deiciendi

135 673 242 758 operis
271 681 380 738 essent
406 695 426 736 a
454 670 604 737 barbaris
638 673 773 749 missae,
809 671 860 736 his
887 671 1120 740 defensoribus

135 800 246 842 earum
269 799 375 842 rerum
399 777 448 840 vis
471 777 679 856 minueretur,
703 797 766 839 neu
790 778 880 861 ponti
902 787 1078 842 nocerent.

223 879 271 943 18.
296 879 421 944 Diebus
446 878 568 957 decem,
601 879 718 964 quibus
742 879 879 943 materia
903 888 1028 966 coepta
1051 891 1121 946 erat

134 985 343 1069 comportari,
369 985 456 1047 omni
480 1005 578 1068 opere
603 983 717 1047 effecto
743 983 907 1047 exercitus
922 983 1119 1050 traducitur.

113 1087 260 1157 aCaesar
283 1087 326 1151 ad
349 1095 520 1171 utramque
544 1096 672 1171 partem
701 1087 810 1170 pontis
832 1085 925 1151 firmo
951 1088 1119 1172 praesidio

113 1192 247 1261 arelicto
271 1193 304 1255 in
327 1191 409 1255 fines
433 1189 690 1275 Sugambrorum
715 1189 892 1254 contendit.
937 1189 1080 1258 Interim
1099 1215 1120 1256 a

135 1294 357 1380 compluribus
375 1293 566 1359 civitatibus
590 1294 728 1358 adeum
752 1292 853 1376 legati
869 1294 1028 1378 veniunt3
1052 1297 1119 1382 qui-

134 1400 196 1465 bus
219 1422 336 1486 pacem
369 1410 468 1486 atque
502 1400 680 1464 amicitiam
716 1396 904 1483 petentibus
935 1397 1120 1466 liberaliter

113 1503 307 1588 rrespondit
330 1503 527 1588 obsidesque
551 1501 593 1566 ad
617 1525 651 1565 se
675 1501 795 1567 adduci
817 1500 918 1567 iubet.
941 1501 1120 1588 Sugambri

135 1629 177 1670 ex
201 1628 239 1671 eo
264 1615 421 1690 tempore,
446 1627 509 1690 quo
534 1628 619 1690 pons
642 1606 767 1669 institui
791 1613 928 1690 coeptus
950 1616 1014 1689 est,
1040 1608 1119 1692 fuga

135 1720 327 1797 comparata
351 1708 558 1774 hortantibus
581 1711 631 1783 iis,
656 1732 737 1794 quos
761 1732 803 1774 ex
825 1709 997 1776 Tencteris
1021 1720 1120 1797 atque

134 1814 324 1899 Usipetibus
354 1814 442 1899 apud
465 1837 499 1878 se
523 1812 699 1894 habebant,
728 1813 849 1878 finibus
872 1815 940 1879 suis
963 1835 1118 1880 excesse-

134 1927 207 1982 rant
239 1940 362 2002 suaque
393 1918 502 1982 omnia
530 1926 786 2002 exportaverant
815 1939 916 2003 seque
945 1918 978 1982 in
1008 1919 1120 1984 solitu·

135 2022 243 2087 dinem
266 2044 305 2085 ac
330 2021 431 2086 silvas
455 2020 662 2086 abdiderant.

222 2123 271 2189 19.
296 2123 419 2190 Caesar
447 2147 572 2210 paucos
602 2125 672 2190 dies
701 2126 734 2189 in
766 2146 879 2190 eorum
901 2123 1025 2190 finibus
1050 2148 1117 2192 mo·

133 2238 224 2294 ratus
254 2227 404 2293 omnibus
436 2230 517 2292 vicis
548 2228 772 2314 aedificiisque
801 2229 945 2293 incensis
974 2229 1117 2296 frumen·

134 2335 240 2417 tisque
271 2335 408 2396 succisis
439 2355 473 2396 se
504 2333 536 2396 in
565 2331 648 2396 fines
672 2331 832 2398 Ubiorum
860 2333 987 2416 recepit
1017 2344 1117 2418 atque

134 2438 173 2501 iis
203 2436 361 2501 auxilium
393 2459 486 2502 suum
516 2435 697 2521 pollicitus,
733 2437 760 2499 si
784 2435 826 2500 ab
851 2433 969 2500 Suebis
992 2458 1116 2521 preme

112 2549 260 2617 arentur,
290 2540 372 2605 haee
401 2541 442 2605 ab
467 2543 507 2605 iis
531 2541 703 2624 cognovit:
737 2537 875 2614 Suebos,
898 2548 1115 2626 posteaquam

134 2666 192 2728 per
222 2643 447 2729 exploratores
478 2652 611 2728 pontem
637 2643 708 2707 fieri
738 2642 991 2727 comperissent,
1026 2664 1116 2708 more

135 2768 193 2810 suo
218 2745 357 2811 concilio
387 2744 501 2811 habito
526 2748 657 2811 nuntios
690 2748 723 2810 in
747 2769 860 2812 omnes
882 2755 996 2832 partes
1025 2747 1115 2813 dimi·

134 2851 232 2931 sisse,
262 2852 307 2914 uti
338 2851 378 2915 de
404 2849 533 2935 oppidis
557 2849 786 2935 demigrarent,
821 2849 959 2928 liberos,
994 2872 1115 2917 uxores

134 2975 258 3037 suaque
289 2955 398 3018 omnia
427 2955 460 3017 in
489 2953 579 3017 silvis
610 2952 827 3038 deponerent,
857 2962 955 3039 atque
991 2975 1114 3036 omnes,

135 3059 189 3140 qui
224 3077 316 3120 arma
350 3057 435 3120 ferre
469 3065 625 3141 possent,
660 3079 759 3121 uuum
788 3057 822 3120 in
856 3054 965 3122 locum
1000 3078 1116 3123 conve-

111 3161 254 3242 snirent3
289 3157 375 3223 hunc
399 3182 471 3224 esse
495 3159 655 3225 delectum
680 3161 825 3225 medium
848 3161 915 3226 fere
944 3163 1115 3245 regionum

134 3286 256 3347 earum,
280 3285 362 3348 quas
386 3260 486 3327 Suebi
511 3263 711 3346 obtinerent3
736 3263 789 3327 hic
811 3264 1036 3330 Romanorum
1059 3263 1113 3330 ad·

134 3376 265 3430 ventum
291 3376 485 3451 exspectare
512 3376 611 3450 atque
634 3365 679 3430 ibi
704 3367 872 3432 decertare
894 3367 1114 3434 constituisse.

112 3467 232 3548 rQuod
255 3469 310 3532 ubi
335 3467 459 3533 Caesar
481 3470 649 3554 comperit,
679 3469 829 3534 omnibns
852 3469 950 3534 rebus
972 3471 1016 3534 iis
1038 3493 1115 3536 con·

134 3571 245 3654 fectis,
282 3594 418 3656 quarum
453 3595 560 3636 rerum
590 3595 692 3637 cansa
726 3572 899 3638 traducere
932 3575 1114 3640 exercitum
