2430 4028
126 249 166 312 72
434 251 484 299 ΒΕ
503 251 623 301 BELLO
643 251 801 301 GALLICO

125 443 324 525 expugnatis
343 440 567 524 compluribus
590 440 741 522 navibus,
765 462 840 503 oum
863 443 891 504 ei
910 441 958 505 rei
981 441 1110 505 nullum

124 545 323 627 reperiretur
351 543 528 620 auxilium,
562 544 641 626 fuga
673 543 812 609 salutem
834 552 945 629 petere
973 553 1110 610 conten·

101 646 253 712 aderunt.
292 648 342 712 Ac
365 650 430 712 iam
454 649 622 714 conversis
646 650 679 713 in
702 671 775 714 eam
797 656 924 734 partem
954 647 1109 728 navibus,

128 771 191 833 quo
215 761 331 815 ventus
361 752 501 834 ferebat,
533 761 626 816 tanta
656 751 763 816 subito
791 751 933 816 malacia
956 773 996 817 ac
1020 761 1109 817 tran·

126 853 268 938 quillitas
292 857 430 931 exstitit,
453 867 490 920 ut
513 879 548 920 se
571 879 613 919 ex
629 855 701 920 loco
720 877 928 921 commovere
942 877 1011 920 non
1034 877 1109 942 pos·

100 966 207 1021 ⁴esent.
255 958 349 1039 Quae
379 960 508 1045 quidem
533 983 586 1023 res
609 958 653 1024 ad
676 961 842 1044 negotium
866 959 1108 1025 conficiendum

101 1064 268 1127 amaxime
299 1064 360 1130 fuit
390 1076 592 1150 opportuna:
622 1086 699 1129 nam
729 1063 874 1147 singulas
902 1064 1006 1128 nostri
1034 1085 1110 1127 con·

125 1167 241 1231 sectati
273 1178 560 1253 expugnaverunt,
590 1178 626 1231 ut
649 1189 833 1253 perpaucae
862 1189 904 1231 ex
934 1168 1024 1232 omni
1051 1189 1109 1231 nn·

124 1294 214 1337 mero
239 1273 345 1336 noctis
368 1274 552 1337 interventu
575 1272 619 1336 ad
642 1280 761 1336 terram
785 1272 1005 1356 pervenerint,
1034 1292 1109 1335 cum

126 1375 168 1440 ab
192 1375 273 1439 hora
296 1376 364 1440 iere
388 1385 506 1460 quarta
524 1372 627 1461 usque
648 1374 689 1438 ad
706 1373 784 1438 solis
801 1395 958 1439 occasum
981 1396 1109 1459 pugna·

124 1487 222 1543 retur.

212 1580 263 1643 16.
298 1579 371 1660 Quo
404 1580 529 1668 proelio
557 1581 680 1646 bellum
711 1582 910 1646 Venetorum
939 1582 1110 1668 totiusque

102 1706 202 1756 2orae
236 1685 420 1750 maritimae
455 1686 639 1749 confectum
674 1693 734 1750 est.
778 1685 864 1749 Nam
894 1705 969 1749 oum
1001 1687 1110 1750 omnis

124 1790 290 1863 iuventus,
322 1810 433 1853 omnes
458 1791 555 1853 etiarn
580 1789 741 1871 gravioris
765 1790 901 1865 aetatis,
931 1789 964 1852 in
989 1787 1110 1873 quibus

125 1891 251 1977 aliquid
274 1892 402 1957 consilii
426 1901 483 1957 aut
506 1892 676 1976 dignitatis
706 1893 783 1974 fuit,
811 1914 850 1956 eo
874 1902 1109 1972 convenerant,

124 2003 193 2059 tum
217 1997 350 2060 navium
367 1995 456 2082 quod
470 1994 592 2082 ubique
607 1996 715 2060 fuerat
736 1997 769 2059 in
786 2016 886 2059 unum
906 1993 1017 2060 locum
1034 2005 1110 2061 cott-

100 2106 259 2182 ogerant3
283 2098 400 2186 quibus
424 2100 555 2163 amissis
577 2098 693 2184 reliqui
709 2120 815 2183 neque
835 2120 900 2184 quo
925 2120 959 2162 se
983 2100 1110 2184 recipe

122 2213 203 2284 rent,
219 2225 325 2289 neque
338 2203 613 2289 quemadmodum
630 2201 753 2288 oppida
768 2200 991 2282 defenderent,
1008 2201 1112 2267 habe·

121 2306 213 2371 bant.
259 2307 374 2391 Itaque
398 2328 433 2370 se
456 2328 582 2392 suaque
606 2307 716 2371 omnia
740 2303 875 2371 Caesari
900 2303 1109 2372 dediderunt

99 2411 160 2479 41n
185 2431 267 2496 quos
291 2432 329 2475 eo
346 2412 478 2494 gravius
495 2409 619 2474 Caesar
641 2408 874 2474 vindicandum
892 2409 1017 2491 statuit,
1042 2430 1110 2495 quo

123 2512 310 2596 diligentius
333 2515 367 2577 in
389 2512 550 2599 reliquum
573 2522 702 2598 tempus
727 2536 747 2577 a
768 2512 919 2577 barbaris
942 2513 994 2576 ius
1017 2511 1111 2597 lega·

121 2625 230 2681 torum
263 2625 521 2682 conservaretur.
567 2617 682 2701 Itaque
718 2616 805 2680 omni
836 2623 952 2680 senatu
972 2624 1111 2698 ¹necato

122 2717 268 2805 reliquos
292 2719 352 2784 sub
377 2741 502 2783 corona
524 2718 681 2784 vendidit.

212 2821 261 2886 17.
295 2823 385 2887 Dum
413 2823 496 2888 haec
524 2824 557 2886 in
586 2822 721 2887 Venetis
756 2829 929 2904 geruntur,
961 2818 1112 2900 Quintus

122 2927 266 2992 Titurius
283 2926 425 2992 Sabinus
442 2948 516 2990 oum
532 2928 572 2991 iis
589 2926 704 3011 copiis,
721 2948 801 3012 quas
818 2948 838 2989 a
852 2923 996 2990 Caesare
1014 2947 1111 2992 acce·

101 3038 226 3115 sperat,
260 3031 294 3092 in
323 3029 405 3094 fines
429 3029 640 3094 Venellorum
663 3030 823 3113 pervenit.
868 3027 930 3091 His
953 3039 1112 3111 praeerat

122 3132 297 3197 Viridovix
313 3155 353 3197 ae
370 3155 530 3197 summam
546 3131 672 3216 imperii
686 3130 820 3196 tenebat
832 3152 944 3195 earum
960 3133 1110 3198 omnium

123 3239 303 3312 civitatum,
320 3259 404 3323 quae
421 3236 620 3318 defecerant,
645 3260 687 3301 ex
704 3234 822 3319 quibus
838 3237 1023 3300 exercitum
1037 3257 1110 3301 ma·

101 3362 272 3426 agnasque
295 3342 409 3427 copias
432 3349 602 3424 coegerat3
632 3350 731 3424 atque
759 3339 810 3403 his
838 3338 953 3423 paucis
986 3335 1108 3404 diebus

124 3444 256 3509 Aulerci
269 3444 474 3510 Eburovices
487 3444 697 3530 Lexouiique
715 3452 830 3508 senatu
847 3463 905 3506 sno
921 3441 1109 3520 interfecto,

124 3547 213 3632 quod
229 3556 381 3613 auctores
404 3545 481 3612 belli
497 3569 569 3612 esse
591 3545 762 3630 nolebant,
785 3554 900 3631 portas
916 3543 1111 3613 clauserunt
