2430 4028
361 263 472 312 amaa
489 263 510 327 1,
531 263 606 312 cnr.
625 264 736 314 :sl-32.
998 263 1040 325 23

60 452 203 538 superbe
226 459 258 516 et
281 451 456 517 crudeliter
477 453 656 536 imperare,
692 450 823 517 obsides
846 449 1040 516 nobilissimi

60 558 218 642 cuiusque
240 555 362 620 liberos
386 578 524 640 poscere
552 566 585 620 et
612 558 645 621 in
675 580 731 622 eos
757 558 866 621 omnia
889 555 1040 640 exempla

61 661 290 744 cruciatusque
319 660 430 740 edere,
466 661 493 723 si
517 683 581 745 qua
604 683 657 726 res
685 684 751 725 non
776 660 819 725 ad
847 668 961 724 nutum
984 667 1041 723 aut

61 763 105 827 ad
121 763 324 828 voluntatem
347 765 417 827 eius
439 763 530 828 facta
554 765 604 828 sit.
629 765 805 831 Hominem
828 761 1075 852 esscharba·1s

58 889 141 947 rum,
165 866 372 949 iracundum,
404 868 626 949 temerarium,
659 889 727 932 non
757 889 855 951 posse
883 867 952 930 eius
982 866 1040 930 im-

59 973 152 1055 peria
187 970 307 1034 diutius
342 973 506 1035 sustineri.
557 971 629 1034 Nisi
665 971 691 1034 si
727 969 804 1056 quid
837 971 871 1034 in
900 967 1040 1033 Caesare
1051 994 1076 1033 ιι

58 1070 248 1159 populoque
266 1073 414 1138 Romano
439 1075 481 1137 sit
503 1073 627 1151 auxilii,
652 1073 804 1138 omnibus
823 1071 929 1138 Gallis
953 1072 1040 1136 idem

58 1198 133 1241 esse
155 1174 357 1254 faciendum,
392 1176 481 1261 quod
508 1176 653 1241 Helvetii
688 1177 841 1259 fecerint,
878 1185 913 1240 ut
942 1175 1040 1240 domo

59 1279 229 1362 emigrent,
259 1278 349 1343 aliud
372 1279 583 1362 domicilium,
615 1278 697 1344 alias
722 1278 827 1359 sedes,
851 1288 996 1344 remotas
1021 1303 1041 1345 a

60 1384 245 1465 Germanis,
262 1392 375 1469 petant
397 1385 639 1468 fortunamque,
657 1406 881 1469 quaecumque
899 1384 1039 1453 accidat,

58 1488 278 1571 experiantur.
319 1487 412 1550 Haec
437 1488 463 1550 si
487 1488 655 1551 enuntiata
679 1487 846 1551 Ariovisto
871 1489 951 1563 sint,
974 1506 1076 1552 nonrs

59 1591 219 1672 dubitare,
244 1591 321 1677 quin
341 1589 381 1654 de
405 1589 554 1654 omnibus
579 1588 758 1672 obsidibus,
775 1593 830 1674 qui
854 1591 944 1674 apud
967 1612 1040 1655 eum

58 1696 133 1776 sint,
157 1695 388 1776 gravissimum
412 1692 606 1778 supplicium
632 1703 748 1758 sumat.
788 1693 964 1759 Caesarem
987 1693 1039 1759 vel
1051 1713 1076 1752 1⁶

59 1798 257 1864 auctoritate
280 1820 339 1861 sua
363 1807 461 1882 atque
485 1799 649 1861 exercitus
672 1796 723 1862 vel
753 1798 877 1862 recenti
902 1800 1041 1863 victoria

56 1902 112 1967 vel
134 1903 265 1968 nominc
282 1901 395 1986 populi
412 1902 552 1966 Romani
569 1901 731 1966 deterrere
747 1923 855 1986 posse,
880 1924 920 1965 ne
936 1903 1041 1966 maior

56 2005 232 2070 multitudo
251 2003 491 2069 Germanorum
507 2004 655 2068 Rhenum
671 2005 869 2080 traducatur,
885 2003 1040 2069 Galliam-

60 2132 124 2195 que
148 2130 277 2174 omnem
300 2108 342 2172 ab
367 2108 524 2172 Ariovisti
548 2109 668 2172 iniuria
690 2130 788 2192 posse
812 2107 995 2172 defendere.

146 2211 197 2276 32.
221 2212 295 2277 Hac
326 2213 473 2276 oratione
502 2211 543 2276 ab
573 2212 739 2275 Divitiaco
769 2211 882 2275 habita
917 2234 1039 2294 omnes,

58 2320 115 2403 qui
140 2316 287 2401 aderant,
311 2338 431 2400 magno
447 2316 526 2380 fletu
545 2315 704 2379 auxilium
727 2338 747 2379 a
764 2313 906 2380 Caesare
929 2324 1040 2401 petere

56 2430 247 2505 coeperunt.
293 2419 536 2485 Animadvertit
558 2417 682 2484 Caesar
711 2442 795 2483 unos
819 2442 861 2484 ex
889 2418 1062 2483 omnihusa

56 2527 231 2610 Sequanos
265 2524 345 2589 nihil
380 2546 491 2588 earum
525 2545 632 2588 rerum
661 2522 786 2600 facere,
826 2545 907 2607 quas
940 2526 1040 2590 ceteri

56 2631 214 2708 facerent,
243 2625 301 2690 sed
323 2630 433 2692 tristes
456 2628 564 2711 capite
588 2626 729 2690 demisso
759 2635 880 2690 terram
910 2629 1039 2692 intueri.

55 2735 139 2799 Eius
163 2734 208 2796 rei
226 2753 309 2817 quae
325 2753 427 2795 causa
451 2739 547 2809 esset,
564 2730 702 2793 miratus
726 2751 767 2792 ex
791 2730 872 2812 ipsis
890 2731 1062 2814 quaesiits

54 2835 145 2902 Nihil
169 2835 311 2920 Sequani
346 2834 561 2919 respondere,
598 2833 656 2898 sed
690 2835 723 2897 in
759 2833 873 2897 eadem
906 2835 1039 2898 tristitia

55 2941 148 3004 taciti
173 2961 372 3024 permanere.
402 2937 483 3002 Cum
507 2937 549 3003 ab
573 2937 777 3021 hissaepius
794 2948 964 3022 quaereret
986 2957 1063 3003 ne·4

54 3067 120 3128 qne
143 3041 243 3106 ullam
273 3043 404 3105 omnino
435 3063 550 3105 vocem
579 3043 761 3125 exprimere
791 3051 918 3126 posset,
953 3042 1039 3106 idem

54 3148 243 3212 Divitiacus
267 3146 401 3211 Aeduus
425 3146 611 3229 respondit:
646 3144 710 3209 hoc
739 3168 811 3210 esse
839 3148 1039 3211 miseriorem
1076 3204 1078 3208 Α

55 3261 89 3316 et
112 3252 297 3334 graviorem
327 3252 492 3314 fortunam
516 3250 742 3334 Sequanorum
774 3272 872 3335 quam
900 3249 1039 3335 reliquo·

53 3378 138 3434 rum,
163 3354 251 3440 quod
282 3352 343 3418 soli
371 3376 412 3417 ne
436 3354 468 3416 in
499 3352 628 3417 occulto
653 3351 783 3436 quidem
814 3354 905 3437 queri
933 3375 1039 3438 neque

53 3457 216 3522 auxilium
243 3457 421 3542 implorare
450 3456 609 3521 auderent
642 3454 853 3541 absentisque
882 3455 1040 3521 Ariovisti

53 3559 304 3644 crudelitatem,
342 3560 431 3624 velut
465 3562 491 3624 si
526 3581 637 3625 coram
671 3558 823 3642 adesset,
857 3556 1038 3642 horrerent,
