2430 4028
387 273 496 322 LIBER
515 273 574 333 VII,
595 273 670 325 CAP.
690 272 801 322 48—5‘2,
1026 270 1090 334 203

105 459 222 527 sulite.'
263 460 366 527 Simul
397 464 430 526 in
460 462 586 528 medios
617 462 728 528 hostes
752 462 868 546 irrupit
898 460 1113 547 duobusques

103 565 286 631 interiectis
309 565 451 651 reliquos
483 589 503 630 a
532 576 628 651 porta
657 565 790 652 paulum
820 565 992 631 submovit.
1032 563 1112 632 Oce

103 668 263 734 nantibus
291 668 442 733 auxiliari
464 672 541 748 suis,
560 667 717 750 ‘frustra'
741 670 854 755 inquit,
873 665 980 733 ‘meae
1003 669 1090 731 vitae

105 772 281 836 subvenire
316 774 503 853 conamini,
540 796 635 857 quem
671 775 734 836 iam
772 775 903 857 sanguis
941 773 1091 856 viresque

105 875 270 940 deficiunt.
316 875 456 940 Proinde
481 876 578 957 abite,
604 876 679 940 dum
704 885 753 940 est
776 875 934 956 facultas,
965 896 1091 959 vosque

102 980 146 1044 ad
171 978 333 1062 legionem
350 976 501 1065 recipite’
528 980 578 1043 lta
604 977 845 1064 pugnans'post
861 978 996 1064 paulum
1015 1001 1089 1042 con-

103 1083 185 1148 cidit
208 1105 248 1146 ac
272 1083 339 1147 suis
363 1083 461 1149 saluti
483 1084 554 1147 fuit.

193 1186 244 1249 51.
269 1186 389 1266 Nostri,
407 1210 479 1250 oum
502 1186 646 1272 undique
662 1195 896 1272 premerentur,
912 1203 996 1248 xcvi
1017 1209 1090 1249 cen-

103 1290 292 1362 turionibus
315 1293 444 1355 amissis
469 1291 586 1355 deiecti
611 1299 686 1354 sunt
709 1291 792 1355 loco.
828 1290 894 1354 Sed
916 1290 1090 1354 intoleran-

105 1397 172 1458 tius
197 1393 315 1461 Gallos
338 1398 546 1480 insequentes
569 1395 654 1478 legio
680 1395 807 1459 decima
829 1395 982 1474 tardavit,
1008 1418 1091 1480 quae

106 1521 170 1582 pro
195 1498 344 1564 subsidio
368 1498 466 1584 paulo
491 1502 644 1584 aequiore
667 1497 739 1563 loco
764 1501 968 1562 constiterat.
993 1499 1112 1562 Hanca

103 1625 221 1667 rursus
250 1620 323 1665 xm.
355 1601 492 1687 legionis
517 1602 669 1666 cohortes
694 1613 909 1687 exceperunt,
941 1624 1025 1686 quae
1048 1625 1089 1665 ex

105 1707 227 1770 castris
256 1706 436 1772 minoribus
467 1707 606 1771 eductae
636 1729 710 1770 cum
740 1707 813 1771 Tito
838 1706 950 1771 Sextio
979 1706 1088 1789 legato

104 1818 265 1894 ceperant
286 1809 394 1875 locum
419 1812 629 1894 superiorem.
675 1810 847 1893 Legiones,
871 1809 927 1874 ubi
951 1813 1112 1896 primumn

103 1911 283 1996 planiciem
318 1915 510 1996 attigerunt5
547 1913 674 1976 infestis
705 1920 819 1976 contra
847 1912 958 1976 hostes
989 1915 1090 1998 signis

103 2017 332 2080 constiterunt.
357 2001 607 2098 Vercingetorix
639 2016 680 2079 ab
704 2014 870 2080 radicibus
894 2016 987 2079 collis
1012 2038 1112 2080 suosr

103 2121 194 2183 intra
217 2121 412 2185 munitiones
435 2117 576 2183 reduxit.
601 2120 650 2183 Eo
676 2119 727 2183 dic
753 2118 869 2184 milites
893 2128 968 2183 sunt
990 2121 1088 2205 paulo

106 2227 218 2289 minus
242 2224 436 2308 septingenti
461 2222 648 2287 desiderati.

193 2323 245 2389 52.
268 2324 404 2390 Postero
429 2324 482 2390 die
498 2324 623 2390 Caesar
639 2328 790 2390 contione
813 2325 977 2391 advocata
993 2337 1090 2392 teme·

102 2433 236 2495 ritatem
267 2428 547 2514 cupiditatemque
581 2428 719 2492 militum
749 2427 965 2512 reprehendit,
1002 2432 1089 2515 quod

103 2532 171 2598 sibi
199 2533 265 2618 ipsi
294 2531 541 2613 iudicavissent,
566 2554 628 2616 quo
653 2531 897 2616 procedendum
932 2542 989 2598 aut
1013 2535 1091 2618 quid

103 2634 271 2721 agendum
305 2636 491 2717 videretur,
533 2658 638 2719 neque
673 2635 765 2719 signo
799 2637 978 2721 reeipiendi
1013 2637 1089 2701 dato

102 2741 334 2807 constitissent
367 2762 472 2825 neque
504 2739 545 2804 ab
575 2739 713 2804 tribunis
737 2740 875 2804 militurn
907 2741 1090 2825 legatisque

103 2845 239 2910 retineri
274 2845 466 2929 potuissent.
501 2844 688 2928 Exposuit,
725 2844 802 2928 quid
836 2845 990 2928 iniquitas
1024 2844 1112 2908 locis

103 2956 229 3035 posset,
257 2947 335 3033 quid
357 2949 427 3032 ipse
456 2946 499 3011 ad
524 2947 702 3012 Avaricum
727 2949 891 3028 sensisset,
922 2970 997 3012 cum
1021 2950 1090 3012 sine

103 3049 190 3118 duce
219 3060 251 3116 et
283 3052 352 3114 sine
382 3051 528 3134 equitatu
563 3050 773 3135 deprehensis
799 3049 948 3116 hostibus
976 3051 1089 3136 explo-

102 3165 212 3220 ratam
235 3155 405 3218 victoriam
430 3153 622 3234 dimisisset,
646 3176 687 3217 ne
710 3176 847 3239 parvum
871 3154 968 3219 modo
994 3155 1089 3218 detri-

102 3266 251 3323 mentum
273 3259 307 3320 in
331 3258 539 3321 contentione
561 3266 695 3342 propter
717 3259 922 3342 iniquitatem
946 3257 1009 3322 loci
1033 3280 1089 3321 ac-

103 3361 239 3428 cideret.
270 3361 403 3442 Quanto
434 3383 531 3446 opere
561 3382 672 3425 eorum
703 3363 801 3426 animi
832 3360 1111 3446 magnitudinems

104 3466 333 3549 admiraretur,
363 3488 443 3551 quos
473 3486 538 3529 non
570 3475 752 3530 castrorum
779 3465 986 3549 munitiones,
1023 3487 1090 3529 non

104 3569 247 3635 altitudo
264 3571 396 3646 montis,
421 3591 488 3633 non
511 3591 623 3633 murus
640 3568 753 3655 oppidi
768 3568 900 3633 tardare
916 3570 1088 3653 potuisset,
