2430 4028
398 266 509 317 niens
527 267 572 331 vi,
593 265 668 319 cur.
686 265 796 316 sa-ae,
1028 265 1089 330 163

106 462 196 525 enim
232 467 359 544 poterat
382 460 541 523 universis
577 458 618 522 ab
650 460 830 544 perterritis
860 480 899 521 ac
935 458 1089 542 dispersis

106 562 289 648 perieulum
312 563 493 646 accidere),
529 562 586 628 sed
609 566 642 628 in
667 562 801 646 singulis
832 560 988 627 militibus
1012 582 1087 624 con-

105 666 295 748 servandis;
330 689 413 752 quae
445 677 554 731 tamen
588 690 630 731 ex
663 676 756 752 parte
791 689 842 730 res
877 666 919 729 ad
950 665 1087 730 salutem

106 772 273 836 exereitus
308 769 501 855 pertinebat.
551 772 635 835 Nam
670 781 703 835 et
736 770 880 854 praedae
918 769 1110 854 cupiditas4

106 874 229 939 multos
257 874 386 958 longius
416 874 594 956 evocabat,
630 883 661 938 et
690 873 792 938 silvae
823 876 956 938 incertis
981 873 1088 937 occul-

105 980 215 1064 tisque
247 976 417 1042 itineribus
452 979 617 1042 confertos
652 977 743 1041 adire
778 976 1005 1061 prohibebant.
1053 975 1111 1040 Sit

105 1083 275 1166 negotium
300 1082 417 1147 confici
445 1084 642 1166 stirpemque
664 1080 831 1145 hominum
856 1080 1088 1144 sceleratorum

104 1185 247 1250 interfici
269 1186 382 1266 vellet,
413 1185 627 1251 dimittendae
657 1184 765 1270 plures
795 1206 910 1247 manus
934 1182 1088 1248 diducen-

105 1290 206 1376 dique
235 1298 328 1354 erant
356 1289 490 1371 milites3
525 1290 552 1353 si
581 1291 747 1353 continere
782 1287 823 1350 ad
860 1289 954 1369 signa
987 1289 1110 1350 mani-o

104 1393 204 1479 pulos
225 1392 339 1475 vellet,
375 1403 411 1457 ut
434 1394 583 1457 instituta
605 1394 689 1456 ratio
715 1401 746 1455 et
769 1390 971 1454 consuetudo
997 1413 1087 1454 exer-

105 1499 191 1562 citus
215 1497 353 1561 Romani
377 1495 582 1580 postulabat,
616 1496 708 1560 locus
737 1498 806 1580 ipse
830 1505 900 1559 erat
924 1493 1088 1579 praesidio

105 1599 278 1681 barbaris,
308 1622 413 1684 neque
442 1623 484 1663 ex
508 1599 636 1663 occulto
661 1598 835 1663 insidiandi
868 1609 899 1662 et
922 1598 1109 1682 dispersos,

106 1703 385 1768 circumveniendi
410 1703 545 1785 singulis
566 1702 677 1766 deerat
701 1702 848 1766 audacia.
879 1701 925 1765 Ut
947 1704 980 1765 in
1005 1703 1110 1765 eius—i

105 1805 197 1871 modi
229 1805 494 1887 difficultatibus,
530 1815 687 1890 quantum
722 1805 890 1888 diligentia
924 1804 1087 1888 provideri

106 1918 249 1994 poterat,
279 1909 522 1993 providebatur,
551 1918 585 1972 ut
608 1911 716 1993 potius
740 1911 771 1972 in
795 1908 941 1973 nocendo
966 1907 1088 1993 aliquid

107 2015 441 2098 praetermitteretur,
473 2014 533 2077 etsi
564 2015 706 2076 omnium
732 2015 828 2076 animi
866 2012 907 2076 ad
931 2012 1088 2077 ulciscen-

106 2118 185 2182 dum
220 2115 396 2198 ardebant,
433 2139 529 2201 quam
564 2138 639 2180 cum
678 2117 786 2202 aliquo
822 2116 960 2179 militum
996 2115 1090 2179 detri-

104 2228 217 2286 mento
256 2223 438 2284 noceretur.
495 2220 640 2284 Dimittit
674 2220 715 2283 ad
749 2220 903 2283 finitimas
938 2221 1111 2283 civitatess

103 2325 238 2389 nuntios
255 2321 395 2387 Caesar:
421 2346 534 2388 omnes
558 2334 677 2387 evocat
700 2346 759 2406 spe
782 2323 924 2406 praedae
948 2322 991 2386 ad
1015 2322 1088 2386 diri·

103 2426 245 2514 piendos
279 2425 465 2507 Eburones,
500 2438 536 2490 ut
573 2429 681 2508 potius
720 2429 753 2491 iu
794 2425 882 2490 silvis
918 2425 1088 2491 Gallorum

102 2535 174 2596 vita
204 2551 302 2615 quam
331 2529 528 2612 legionarius
558 2530 649 2593 miles
679 2529 894 2615 periclitetur,
930 2528 1025 2593 simul
1054 2538 1089 2592 ut

104 2657 228 2718 magna
243 2633 450 2698 multitudine
466 2633 663 2697 circumfusa
681 2656 738 2718 pro
755 2633 811 2697 tali
828 2635 973 2698 facinere
990 2635 1088 2717 stirps

104 2763 145 2804 ac
162 2759 281 2802 nomen
298 2738 440 2800 civitatis
456 2735 598 2800 tollatur.
619 2737 759 2820 Magnus
776 2737 918 2822 undique
935 2758 1110 2803 numerose

104 2842 256 2907 celeriter
279 2840 441 2903 convenit.

191 2941 243 3007 35.
269 2943 416 3007 Haecin
441 2943 591 3007 omnibus
609 2944 798 3010 Eburonum
823 2945 971 3030 partibus
996 2969 1085 3030 gere-

103 3049 234 3129 bantur,
260 3046 396 3131 diesque
421 3047 598 3152 appetebat
623 3051 790 3133 septimus,
815 3073 909 3133 quem
934 3050 977 3114 ad
1001 3051 1087 3114 diem

103 3152 229 3218 Caesar
251 3149 296 3214 ad
317 3148 551 3234 impedimenta
575 3151 800 3237 legionemque
828 3156 945 3216 reverti
969 3156 1086 3218 consti-

103 3264 222 3320 tuerat.
260 3251 334 3334 Hic,
370 3261 527 3337 quantum
561 3255 593 3316 in
628 3253 713 3317 bello
751 3256 882 3318 fortuna
918 3259 1021 3339 possit
1055 3267 1108 3320 eta

104 3366 247 3442 quantos
276 3357 393 3422 efferat
421 3379 533 3435 casus,
565 3360 719 3441 cognosci
747 3360 861 3443 potuit.
907 3360 1108 3443 Dissipatisa

104 3482 143 3525 ac
173 3462 356 3546 perterritis
385 3461 551 3542 hostibus,
583 3471 618 3525 ut
641 3462 945 3545 demonstravimus,
970 3485 1086 3527 manus

105 3571 176 3629 erat
208 3562 322 3645 nulla,
361 3585 444 3650 quae
482 3585 619 3651 parvam
653 3565 751 3630 modo
791 3586 923 3630 causam
962 3568 1086 3631 timoris

878 3687 932 3737 11*
