2416 4028
365 237 476 287 urana
492 237 515 302 1,
535 235 610 289 cnr.
631 238 740 287 ιιι-ιι.
1004 237 1045 302 15

61 456 128 499 non
153 431 256 496 solum
287 428 329 494 ad
360 427 571 492 minuendam
601 429 758 511 gratiam,
791 428 849 493 sed
873 451 978 514 paene
1002 431 1044 495 ad

63 535 243 623 perniciem
278 554 371 597 suam
405 538 559 596 uteretur.
611 530 690 596 Sese
724 538 834 595 tamen
867 541 900 597 et
934 555 1068 598 amores

62 642 209 705 fraterno
234 646 266 701 et
288 635 533 700 existimatione
549 634 638 719 vulgi
662 636 872 700 commoveri.
897 635 995 716 Quod
1019 640 1069 700 sie

65 742 145 829 quid
169 742 199 806 ei
222 737 402 805 aansare
418 740 551 822 gravius
568 739 755 822 accidisset,
780 763 856 805 cum
879 742 949 825 ipse
973 764 1046 805 eum

62 849 173 912 locum
195 844 360 909 amicitiae
384 842 473 926 apud
498 864 571 906 eum
595 850 731 926 teneret,
748 845 911 908 neminem
935 846 1047 908 existi·

64 959 228 1015 maturum
261 969 327 1011 non
362 967 421 1008 sua
456 945 624 1010 voluntate
656 945 802 1064 factum3
844 969 908 1031 qua
943 970 985 1011 ex
1013 971 1048 1012 re

65 1053 288 1129 futurum,uti
312 1050 413 1114 totius
431 1047 561 1113 Galliae
585 1050 686 1113 animi
710 1073 730 1113 a
753 1073 788 1114 se
811 1059 1046 1115 averterentur.

64 1157 159 1222 Haec
183 1177 257 1219 cum
280 1152 429 1238 pluribus
451 1151 560 1216 verbis
582 1152 664 1216 flens
694 1175 714 1216 a
738 1152 883 1218 Caesare
913 1164 968 1238 pet
969 1164 1071 1237 erote

67 1259 193 1325 Caesar
230 1258 301 1321 eius
337 1256 489 1320 dextram
526 1254 677 1339 prendit,
715 1256 905 1321 consolatus
942 1268 1047 1341 rogat,

65 1364 162 1428 finem
198 1360 315 1425 orandi
348 1358 470 1441 faciat,
505 1360 586 1422 tanti
621 1359 691 1423 eius
721 1361 810 1445 apud
839 1384 874 1425 se
908 1364 1048 1444 gratiam

67 1489 138 1531 esse
162 1463 321 1545 ostendit,
356 1463 403 1526 uti
433 1472 464 1527 ct
486 1460 688 1547 reipublicae
716 1464 868 1528 iniuriam
899 1475 931 1529 et
954 1489 1048 1530 suum

67 1570 214 1635 dolorem
238 1569 306 1632 eius
329 1566 492 1631 voluntati
516 1588 555 1630 ac
572 1567 725 1651 precibus
748 1567 921 1632 condonet.
945 1569 1072 1633 Dum-e

66 1675 214 1756 norigem
243 1671 286 1735 ad
309 1692 344 1734 se
366 1678 475 1752 vocat,
499 1671 635 1734 fratrem
657 1669 806 1753 adhibet3
836 1694 919 1757 quae
947 1674 981 1736 in
1010 1695 1048 1738 eo

66 1774 294 1862 reprehendat,
319 1773 477 1855 ostendit3
502 1795 586 1858 quae
608 1773 679 1858 ipse
701 1773 880 1857 intellegat,
898 1798 983 1861 quae
1006 1777 1050 1840 ci·

67 1883 152 1944 vitas
188 1886 353 1964 queratur,
388 1878 557 1961 proponit3
591 1886 719 1961 monet,
754 1888 791 1942 ut
823 1879 857 1943 in
889 1879 1050 1965 reliquum

68 1994 197 2068 tempus
222 2002 335 2046 omnes
359 1981 563 2064 suspiciones
585 1982 682 2063 vitet3
707 1984 884 2066 praeterita
908 2006 942 2048 se
958 1983 1050 2048 Divi·

68 2090 154 2152 tiaco
189 2085 282 2150 fratri
313 2084 501 2150 condonare
536 2084 624 2148 dicit.
666 2085 862 2170 Dumnorigi
892 2088 1047 2154 custodes

68 2191 170 2276 ponit,
205 2199 259 2273 ut,
290 2211 374 2274 quae
404 2196 497 2271 agat,
533 2187 729 2273 quibuscum
760 2187 931 2274 loquatur,
967 2192 1051 2257 scire

69 2295 185 2379 possit.

155 2396 205 2459 21.
230 2396 358 2482 Eodem
374 2395 427 2460 die
451 2394 492 2459 ab
517 2396 783 2480 exploratoribus
800 2399 920 2462 certior
942 2399 1049 2464 factus

69 2499 179 2565 hostes
211 2498 271 2562 sub
294 2508 406 2564 monte
430 2499 621 2564 consedisse
643 2499 734 2565 milia
757 2523 913 2620 passuum
937 2501 980 2567 ab
1003 2505 1050 2588 ip-

69 2605 136 2669 sius
152 2605 269 2666 castris
287 2611 341 2667 oct
344 2625 373 2686 o,
391 2603 496 2687 qualis
513 2611 600 2668 esset
615 2614 732 2669 natura
748 2615 839 2670 mont
839 2607 867 2670 is
892 2615 925 2670 et
941 2606 1047 2692 qualis

69 2710 103 2772 in
126 2708 264 2771 circuitu
287 2729 458 2788 ascensus,
489 2707 543 2793 qui
566 2718 818 2793 cognoscerent
845 2711 942 2774 misit
921 2710 1072 2779 tRea

70 2812 256 2875 nuntiatum
280 2820 330 2874 est
352 2810 483 2874 facilem
506 2833 588 2876 esse
612 2812 663 2875 De
687 2815 781 2876 tertia
805 2813 916 2896 vigilia
938 2814 993 2878 Tit
980 2822 1050 2877 tum

70 2913 264 2995 Labienum,
284 2914 429 2998 legatum
445 2937 504 2999 pro
521 2924 683 2999 praetore,
701 2938 775 2981 cum
799 2916 926 2981 duabus
949 2917 1050 3001 legio·

69 3019 167 3082 nibus
190 3026 223 3082 et
245 3018 285 3081 iis
303 3017 453 3099 ducibus,
476 3019 531 3103 qui
555 3019 616 3083 iter
632 3028 868 3103 cognoverant,
888 3042 1049 3084 summum

70 3123 183 3206 iugum
212 3123 332 3186 montis
366 3122 544 3188 ascendere
577 3122 688 3206 iubet,
723 3123 801 3209 quid
837 3125 885 3188 sui
920 3122 1049 3188 consilii

71 3227 123 3307 sit,
149 3224 300 3289 ostendit.
346 3227 423 3310 lpse
447 3226 486 3290 de
512 3234 629 3311 quarta
652 3225 762 3310 vigilia
786 3226 902 3290 codem
924 3226 1070 3307 itincre,3

71 3350 135 3415 quo
165 3326 275 3392 hostes
303 3331 425 3410 ierant,
461 3329 504 3393 ad
527 3351 583 3394 eos
607 3328 775 3395 contendit
804 3330 1050 3414 equitatumque

72 3456 201 3500 omnem
217 3441 293 3497 ante
316 3456 350 3498 se
365 3433 472 3499 mittit.
494 3433 530 3497 P.
547 3431 733 3514 Considius,
757 3433 812 3519 qui
833 3433 881 3496 rei
900 3431 1072 3503 militarior

70 3539 287 3623 peritissimus
327 3535 510 3602 habebatur
543 3547 575 3602 et
616 3540 650 3602 in
683 3537 831 3617 exercitu
865 3535 903 3600 L.
939 3535 1050 3602 Sullae
