2430 4028
135 234 195 298 132
436 236 486 284 nu
505 235 625 285 sunno
646 235 804 286 Gannico

134 427 239 490 omnis
260 423 434 490 multitudo
451 426 630 506 convertit3
652 423 746 488 illum
767 434 881 489 veruto
908 423 1112 491 arbitrantur

101 555 124 592 11
135 533 290 596 occisum.
315 527 435 594 Gladio
451 529 633 593 comminus
656 551 725 593 rem
740 530 826 612 gerit
840 528 994 594 Vorenus
1014 538 1112 615 atque

101 657 198 699 auno
222 633 390 698 interfecto
412 631 556 718 reliquos
579 631 714 717 paulum
730 631 899 718 propellit3
922 631 1002 698 dum
1024 635 1114 717 cupi·

135 738 207 803 dius
230 740 347 815 instat,
378 739 410 801 in
439 736 547 801 locum
572 736 717 801 deiectus
746 737 936 802 inferiorem
959 737 1113 802 concidit.

102 868 126 906 ιι
137 843 222 906 Huic
246 863 358 905 rursus
375 842 597 905 circumvento
614 839 676 903 fert
692 838 873 904 subsidium
888 838 994 922 Pulio,
1018 850 1114 925 atquc

134 943 233 1010 ambo
249 944 431 1009 incolumes
450 941 674 1027 compluribus
690 943 871 1008 interfectis
889 965 1020 1008 summa
1042 964 1114 1007 oum

102 1047 233 1114 alaude
257 1070 329 1112 sese
353 1049 439 1111 intra
460 1047 657 1111 munitiones
680 1047 852 1131 recipiunt.
898 1045 955 1111 Sic
981 1046 1115 1112 fortuna

136 1155 169 1217 in
192 1152 403 1217 contentione
432 1162 465 1215 et
493 1154 672 1216 certamine
693 1160 867 1236 utrumque
889 1150 1056 1225 versavit,
1081 1159 1116 1214 ut

136 1255 335 1320 alteralteri
365 1257 515 1321 iuimicus
538 1254 663 1318 auxilio
689 1252 854 1340 salutique
875 1264 981 1332 esset,
1012 1276 1117 1341 neque

137 1359 312 1425 diiudicari
334 1367 448 1444 posset
455 1386 475 1441 ,·
493 1367 566 1423 uter
588 1361 652 1422 utri
674 1359 795 1422 virtute
816 1357 1052 1425 anteferendus
1072 1361 1116 1424 vi·

137 1464 277 1527 deretur.

222 1565 274 1630 45.
299 1567 432 1649 Quanto
456 1576 526 1630 erat
548 1566 582 1630 in
606 1566 676 1632 dies
692 1568 824 1650 gravior
846 1575 946 1651 atque
969 1568 1118 1651 asperior

139 1674 359 1757 oppugnatio,
388 1680 421 1735 et
442 1673 586 1736 maxime
609 1670 698 1757 quod
720 1692 840 1755 magna
862 1678 956 1755 parte
978 1669 1117 1735 militum

138 1774 290 1839 confecta
316 1772 505 1839 vulneribus
536 1797 589 1838 res
612 1772 656 1838 ad
678 1774 882 1858 paucitatem
907 1771 1118 1838 defensorum

137 1889 349 1963 pervenerat,
386 1886 479 1942 tanto
509 1876 692 1942 crebriores
721 1877 849 1942 litterae
876 1877 1049 1962 nuntiique
1077 1876 1119 1942 ad

139 1980 316 2047 Caesarem
338 1979 569 2062 mittebantur3
593 2002 731 2066 quorum
754 2002 832 2065 pars
854 1980 1065 2065 deprebensa
1085 1981 1117 2045 in

138 2094 320 2170 conspectu
347 2093 533 2149 nostrorum
565 2082 704 2148 militum
737 2105 811 2148 cum
846 2086 996 2149 cruciatu
1024 2108 1120 2151 neca·

117 2189 246 2255 abatur.
269 2190 351 2254 Erat
366 2212 449 2253 unus
465 2191 553 2254 intus
565 2188 704 2253 Nervius
722 2188 854 2252 nomine
869 2186 1016 2271 Vertico‚
1040 2187 1116 2254 loco

138 2302 236 2358 natus
258 2292 408 2377 honesto,
431 2294 488 2378 qui
510 2315 531 2356 a
552 2294 661 2376 prima
677 2289 849 2356 obsidione
865 2289 910 2354 ad
924 2288 1119 2357 Ciceronem

118 2397 328 2482 rperfugerat
350 2418 508 2480 suamque
532 2397 560 2460 ei
576 2395 674 2459 fidem
690 2397 909 2480 praestiterat
937 2393 1002 2460 Hic
1025 2417 1119 2460 servo

140 2523 197 2585 spe
220 2500 380 2565 libertatis
403 2500 596 2584 magnisque
619 2498 796 2582 persuadet
818 2499 983 2583 praemiis,
1010 2507 1050 2563 ut
1071 2498 1119 2563 lit·

118 2615 228 2670 tteras
251 2604 295 2669 ad
318 2601 493 2668 Caesarem
518 2603 655 2667 deferat.
699 2602 772 2665 Has
795 2601 851 2666 ille
872 2603 906 2666 in
929 2601 1040 2667 iaculo
1064 2601 1122 2669 illi·

139 2719 236 2794 gatas
259 2708 350 2772 effert
381 2717 414 2772 et
438 2705 556 2772 Gallus
579 2709 664 2771 inter
688 2705 804 2771 Gallos
831 2706 902 2770 sine
923 2704 994 2799 ulla
1016 2707 1122 2792 suspi-

119 2815 234 2877 ⁵cione
263 2819 412 2875 versatus
442 2811 485 2875 ad
514 2809 691 2876 Caesarem
720 2811 880 2894 pervenit.
924 2805 980 2873 Ab
1010 2830 1051 2874 eo
1083 2809 1122 2874 de

140 2915 295 3001 periculis
318 2915 488 2979 Ciceronis
520 2914 724 2998 legionisque
754 2911 979 2997 cognoscitur.

226 3017 278 3081 46.
302 3017 427 3082 Caesar
443 3020 587 3103 acceptis
609 3015 727 3081 litteris
742 3016 825 3080 hora
840 3016 970 3081 circiter
984 3033 1034 3079 xl.
1057 3015 1121 3082 diei

143 3125 253 3190 statim
276 3123 426 3188 nuntium
449 3125 483 3187 in
498 3120 696 3187 Bellovacos
719 3120 763 3185 ad
783 3120 828 3184 Μ.
845 3117 1003 3184 Crassum
1024 3140 1123 3205 quac

143 3238 265 3293 storem
286 3226 402 3303 mittit,
437 3227 531 3290 cuius
558 3222 696 3289 hiberna
723 3223 864 3288 aberant
891 3221 933 3287 ab
964 3245 1005 3287 eo
1032 3221 1125 3287 milia

121 3353 300 3417 apassuum
330 3347 420 3412 xxv3
450 3327 542 3393 iubet
571 3327 679 3392 media
710 3338 806 3392 nocte
833 3326 997 3411 legionem
1026 3325 1124 3411 proli·

122 3437 222 3502 scisci
251 3435 465 3520 celeriterque
494 3432 537 3497 ad
566 3455 601 3496 se
630 3431 750 3496 venire.
794 3431 877 3495 Exit
903 3451 978 3494 cum
1007 3431 1123 3495 nuntio

144 3537 292 3603 Crassus.
314 3537 464 3601 Alterum
486 3536 529 3600 ad
545 3533 666 3599 Gaium
681 3532 822 3598 Fabium
844 3533 989 3616 legatum
1011 3532 1123 3615 mittit,
