2430 4028
341 259 451 308 arnan
469 258 529 320 vn,
554 259 629 310 car.
648 260 759 310 sa-se.
976 259 1040 324 225

58 449 185 534 torigia,
220 448 425 535 praeficiunt.
467 448 527 514 Ille
561 473 604 515 ex
636 452 754 516 castris
787 452 893 536 prima
928 450 1063 535 vigiliav

59 574 213 637 egressus
246 573 349 638 prope
386 553 537 617 confecto
573 553 633 618 sub
670 552 776 619 lucem
813 555 929 619 itinere
966 562 1042 637 post

60 656 210 721 montem
234 677 269 719 se
292 655 471 721 occultavit
486 655 670 744 militesque
693 681 736 722 ex
751 666 911 722 nocturno
928 657 1042 723 labore

58 781 131 825 sese
152 759 289 824 reficere
305 761 410 825 iussit.
429 758 509 824 Oum
527 762 591 824 iam
607 760 759 826 meridies
776 763 1064 848 appropinquares

57 863 235 943 videretur,
252 862 295 929 ad
317 886 357 928 ea
380 873 500 945 castra,
517 887 602 949 quae
618 887 718 949 supra
735 864 1040 947 demonstravimus,

56 966 251 1049 contendit3
284 965 464 1052 eodemque
498 977 644 1052 tempore
678 969 842 1054 equitatus
876 967 919 1032 ad
953 989 1041 1033 cam-

54 1077 183 1155 pestres
206 1070 405 1135 munitiones
436 1070 594 1136 accedere
618 1079 651 1135 et
672 1070 817 1157 reliquae
841 1073 957 1156 copiae
980 1095 1039 1158 pro

56 1176 177 1239 castris
200 1194 275 1239 sese
298 1172 469 1238 ostendere
491 1183 679 1257 coeperunt.

144 1275 198 1340 84.
221 1277 473 1361 Vercingetorix
497 1301 539 1343 cx
562 1299 638 1343 aree
655 1277 789 1343 Alesiae
812 1301 890 1344 suos
914 1282 1044 1365 conspi-

55 1390 152 1446 catus
177 1403 219 1445 ex
243 1379 365 1466 oppido
390 1381 572 1464 egreditur3
601 1391 718 1458 crates,
749 1380 926 1466 longurios,
957 1405 1048 1447 mus·

56 1483 162 1563 culos,
188 1483 289 1549 falces
312 1483 521 1570 reliquaque,
553 1506 636 1569 quac
659 1486 838 1568 eruptionis
861 1507 964 1550 causa
986 1507 1042 1570 pa·

56 1596 201 1671 raverat,
235 1586 370 1672 profert.
411 1588 580 1671 Pugnatur
613 1610 678 1653 uno
712 1597 859 1674 tempore
891 1588 1064 1655 omnibusr

56 1691 158 1769 locis,
195 1698 293 1775 atque
317 1692 428 1756 omnia
455 1699 670 1775 temptantum
702 1714 786 1778 quae
809 1693 940 1758 minime
968 1695 1041 1758 visa

57 1817 138 1882 pars
161 1793 257 1859 firma
280 1804 339 1872 est,
362 1794 427 1859 buc
442 1797 655 1860 concurritur.
680 1796 903 1861 Romanorum
924 1820 1065 1867 manusc

55 1900 160 1964 tantis
194 1897 429 1963 munitionibus
462 1897 635 1963 distinetur
668 1921 728 1964 nec
762 1899 859 1964 facile
893 1899 1042 1986 pluribus

55 2002 140 2067 locis
171 2003 323 2066 occurrit.
360 2001 500 2066 Multum
528 2001 570 2065 ad
592 2002 762 2067 terrendos
791 2011 923 2069 nostros
952 2004 1066 2074 valeta

56 2105 194 2186 elamor,
219 2106 273 2190 qui
297 2113 372 2189 post
395 2113 522 2189 tergum
544 2104 767 2190 pugnantibus
790 2107 927 2190 exstitit,
952 2107 1042 2192 quod

57 2230 155 2275 suum
189 2207 370 2293 perieulum
406 2207 440 2271 in
468 2206 576 2272 aliena
598 2207 712 2272 vident
739 2208 843 2274 salute
872 2219 1041 2293 conatarc3

10 2360 13 2367 -
58 2315 172 2378 omnia
196 2313 282 2376 enim
305 2310 511 2396 plerumque,
536 2315 632 2396 'quae
654 2309 790 2396 absunt,
819 2312 1043 2378 vehementius

57 2415 229 2481 bominum
252 2423 377 2480 mentes
400 2413 601 2501 perturbant.

146 2516 200 2582 85.
223 2515 348 2584 Caesar
369 2519 524 2583 idoneum
544 2517 653 2583 locum
669 2528 798 2598 nactus,
823 2519 900 2607 quid
917 2542 1045 2606 quaque

57 2648 100 2690 ex
124 2629 221 2709 parte
244 2630 386 2706 geratur,
411 2621 850 2706 cognoscit31aborantibus
874 2623 1046 2692 submittit.

56 2729 217 2813 Utrisque
240 2725 283 2791 ad
306 2728 450 2791 animum
474 2726 616 2791 occurrit
639 2750 740 2792 unum
768 2751 839 2794 ease
862 2727 944 2793 illud
966 2737 1069 2796 tem-r

57 2857 132 2924 pus,
168 2852 233 2916 quo
255 2832 399 2895 maxime
431 2830 586 2896 contendi
616 2834 806 2897 conveniat:
843 2831 949 2916 Galli,
981 2835 1069 2900 nisis

57 2936 279 3028 perfregerint
300 2936 513 3018 munitiones,
546 2933 587 3000 de
611 2937 698 3001 omni
722 2935 828 3001 salute
851 2936 1044 3023 desperant3

57 3041 212 3125 Romani,
238 3041 264 3105 si
287 3062 357 3105 rem
380 3037 588 3123 obtinuerint,
612 3038 710 3105 finem
725 3038 876 3105 laborum
902 3043 1045 3106 omnium

59 3152 267 3232 exspectant.
290 3142 436 3207 Maxime
460 3141 503 3207 ad
527 3143 710 3228 superiores
734 3144 932 3209 munitiones
955 3142 1070 3210 labo-⁴

57 3260 166 3332 ratur,
200 3269 264 3335 quo
292 3245 641 3312 Vercassivellaunum
673 3248 808 3312 missum
843 3246 1045 3313 demonstra·

59 3356 178 3420 vimus.
213 3352 366 3437 Iniquum
389 3349 453 3415 loci
476 3351 519 3415 ad
543 3349 764 3416 declivitatem
787 3351 955 3436 fastigium
976 3373 1046 3416 ma-

56 3480 159 3544 gnum
194 3455 295 3521 babet
327 3462 540 3520 momentum.
577 3453 645 3520 Alii
673 3454 740 3520 tela
770 3455 952 3538 coniciunt,
987 3453 1069 3520 aliie

53 3560 222 3629 testudine
242 3558 333 3623 faeta
349 3556 505 3635 subeunt3
529 3557 718 3642 defatigatis
741 3561 775 3624 in
791 3560 900 3625 vicem
922 3557 1040 3643 integri

111 3679 201 3721 cm.
215 3677 234 3720 1.
248 3677 269 3720 u.
285 3676 311 3718 a.
853 3678 884 3726 to
