2430 4028
188 221 247 285 112
488 220 538 269 DE
558 220 679 271 BELLO
701 218 860 271 GALLICO

162 410 292 491 siubet3
321 409 471 474 Labieno
501 409 630 491 scribit,
660 418 711 484 ut,
741 431 839 495 quam
868 409 1028 496 plurimas
1053 413 1169 499 possit,

185 517 225 580 iis
247 512 442 598 legionibus,
461 535 545 600 quae
569 525 645 577 sunt
667 512 757 598 apud
779 536 863 596 eum,
879 536 983 580 naves
1006 517 1167 582 instituat.

163 620 272 702 alpse,
297 619 359 682 etsi
382 639 435 681 res
458 626 528 680 crat
551 616 674 681 multae
698 638 818 703 operae
840 639 881 681 ac
899 617 1034 705 laboris,
1059 630 1168 687 tamen

186 720 488 786 commodissimum
517 742 589 784 esse
613 723 737 800 statuit,
763 742 875 787 omnes
898 744 1001 788 naves
1025 722 1166 790 subduci

165 835 219 892 act
242 848 315 891 eum
339 826 458 889 castris
483 846 547 887 una
566 824 745 890 munitione
762 825 926 909 coniungi.
950 825 988 889 ln
1002 825 1057 892 his
1073 826 1168 893 rebus

189 931 322 994 circiter
345 928 414 992 dies
438 945 462 990 x
485 930 649 994 consumit
676 951 717 992 ne
740 930 909 995 nocturnis
932 928 1068 1015 quidem
1093 940 1169 997 tem·

166 1033 322 1120 oporibus
345 1034 390 1097 ad
411 1032 560 1098 laborem
582 1030 722 1098 militum
744 1034 950 1099 intermissis.
988 1032 1167 1100 Subductis

187 1136 328 1201 navibus
352 1139 534 1222 castrisque
564 1139 694 1220 egregie
716 1137 850 1201 munitis
879 1136 1012 1202 easdem
1046 1141 1168 1225 copias,

188 1263 270 1326 quas
294 1250 379 1321 autc,
411 1241 576 1326 praesidio
605 1238 746 1305 navibus
769 1240 916 1327 reliquit,
949 1242 1021 1326 ipse
1044 1241 1168 1323 eodem,

165 1344 274 1409 eunde
297 1344 454 1422 redierat,
488 1344 716 1429 proficiscitur.
747 1344 896 1409 Eccum
920 1345 1079 1429 venisset,
1109 1369 1170 1412 ma·

188 1451 274 1512 iores
298 1448 364 1511 iam
380 1448 524 1533 undiquc
543 1448 576 1510 in
592 1470 666 1511 eum
682 1446 791 1512 locum
806 1448 924 1533 copiae
936 1448 1169 1515 Britannorum

188 1560 409 1615 convenerant
438 1572 565 1615 summa
594 1551 722 1635 imperii
753 1549 895 1635 bellique
917 1549 1169 1617 administrandi

187 1656 352 1720 communi
370 1653 507 1719 consilio
521 1656 682 1738 permissa
690 1651 958 1736 Cassivellaun03
977 1655 1075 1721 cuius
1091 1655 1170 1721 fines

187 1782 208 1822 a
231 1758 402 1822 maritimis
431 1756 619 1822 civitatibus
642 1756 762 1822 flumen
787 1756 919 1839 dividit,
950 1757 1041 1843 quod
1065 1758 1171 1846 appel·

188 1861 274 1926 latur
289 1861 450 1941 Tamesis,
474 1885 495 1925 a
517 1862 599 1926 mari
623 1861 753 1926 circiter
775 1861 864 1926 milia
887 1883 1047 1947 passuum
1067 1880 1169 1927 Lxxx.

166 1967 275 2030 oHuic
293 1967 460 2050 superiore
479 1974 624 2050 tempore
644 1987 718 2029 cum
740 1964 873 2050 reliquis
890 1964 1084 2032 civitatibus
1099 1988 1170 2032 con·

188 2070 327 2134 tinentia
360 2066 448 2131 bella
482 2070 752 2150 intercesserant;
788 2066 846 2132 sed
881 2075 994 2132 nostro
1030 2068 1171 2135 advento

188 2175 328 2258 permoti
357 2171 508 2236 Britanni
538 2171 624 2235 hunc
654 2173 714 2236 toti
746 2170 831 2237 bello
855 2171 1060 2258 imperioque
1083 2194 1171 2259 prae-

190 2277 347 2341 fecerant.

277 2377 326 2440 12.
358 2379 549 2443 Britanniae
577 2400 655 2465 pars
690 2379 825 2443 interior
854 2379 896 2445 ab
929 2381 971 2446 iis
1005 2381 1169 2464 incolitur,

189 2506 271 2568 quos
294 2492 390 2547 natos
414 2482 570 2547 ininsula
593 2485 668 2567 ipsa
684 2485 841 2549 memoria
863 2482 1032 2570 proditum
1049 2484 1171 2561 dicunt,

168 2589 353 2654 amaritima
381 2609 459 2672 pars
489 2586 531 2651 ab
562 2589 612 2663 iis,
642 2589 697 2672 qui
727 2590 870 2672 praedae
901 2587 953 2671 [ac
983 2585 1064 2654 belli
1099 2589 1172 2655 infe

189 2690 293 2774 rendi]
319 2713 423 2755 causa
445 2714 487 2755 ex
510 2691 626 2774 Belgio
650 2692 850 2756 transierant
873 2693 944 2777 (qui
967 2713 1086 2757 omnes
1108 2694 1172 2758 fore

189 2798 229 2861 iis
253 2792 443 2860 nominibus
466 2795 634 2858 civitatum
659 2793 877 2881 appellantur,
903 2793 1022 2879 quibus
1045 2797 1113 2864 orti
1134 2819 1173 2861 ex

190 2897 377 2963 civitatibus
402 2920 440 2961 eo
467 2897 700 2983 pervenerunt)
750 2909 763 2963 t
793 2897 879 2963 bello
908 2898 1001 2964 illato
1028 2898 1079 2964 ibi
1107 2924 1173 2988 per·

169 3011 382 3067 smanscrunt
407 3011 504 3087 atquc
527 3023 627 3084 agros
650 3001 759 3067 colere
782 3011 969 3086 coeperunt.
994 3001 1174 3070 Hominum

190 3114 240 3170 est
262 3105 390 3170 infinita
418 3103 593 3170 multitudo
624 3103 887 3189 creberrimaque
919 3102 1073 3171 aedificia
1111 3106 1173 3173 fere

168 3208 331 3273 sGallicis
355 3207 547 3289 consimilia,
572 3230 727 3293 pecorum
759 3231 898 3291 magnus
922 3231 1089 3286 numerus.
1120 3210 1174 3276 Ut·

192 3325 289 3378 untur
312 3322 368 3377 aut
390 3334 466 3376 aere
492 3311 562 3394 [aut
584 3336 714 3377 nummo
731 3312 842 3396 aureo]
865 3322 922 3376 aut
944 3311 1039 3379 taleis
1061 3313 1173 3380 ferreis

168 3417 235 3482 sad
259 3425 383 3481 certum
398 3416 528 3501 pondus
552 3417 749 3481 examinatis
769 3438 827 3502 pro
845 3438 989 3482 nummo.
1018 3416 1174 3485 Nascitur

192 3519 237 3583 ibi
262 3519 429 3604 plumbum
454 3518 566 3584 album
588 3521 620 3583 in
644 3519 890 3586 mediterrancis
913 3519 1117 3604 regionibus,
1139 3523 1169 3587 in
