2430 4028
121 273 165 338 90
430 273 481 322 ns
499 272 620 322 sunno
640 270 799 322 senmco

123 486 261 550 quorum
284 485 384 548 agros
407 472 627 545 vexaverant,
658 485 827 529 remanere
851 485 887 528 se
917 460 1012 549 apud
1034 485 1106 530 enm

123 567 208 633 velle
231 567 395 632 dixerunt.
419 566 480 631 His
497 565 621 634 Caesar
635 565 822 632 libertatem
843 567 1022 632 concessit.

212 672 261 735 16.
286 670 485 737 Germanico
510 669 598 735 bello
622 671 772 735 confecto
795 669 908 736 multis
930 670 972 737 de
995 674 1107 737 causis

124 773 250 840 Caesar
273 775 388 838 statuit
411 773 473 838 sibi
489 773 638 838 Rhenum
661 795 734 837 esse
749 772 1005 857 transeundum
1030 797 1107 861 qua·

121 901 193 944 rum
216 877 274 942 illa
297 878 358 941 fuit
380 877 570 948 iustissima,
594 874 692 960 quod,
720 897 795 941 cum
818 875 946 941 videret
969 874 1108 943 Germa·

124 1004 186 1046 nos
209 991 276 1045 tam
299 979 398 1044 facile
420 977 556 1064 impelli,
579 988 615 1042 ut
636 980 670 1043 in
688 976 832 1044 Galliam
854 980 1018 1065 venirent,
1041 984 1107 1047 suis

123 1106 254 1171 quoque
282 1081 380 1147 rebus
411 1105 466 1147 eos
491 1083 605 1146 timere
628 1080 751 1164 voluit,
782 1103 856 1147 cum
878 1081 1108 1167 intellegerent

124 1200 157 1254 et
179 1210 280 1274 posse
311 1196 344 1251 et
367 1185 488 1250 audere
517 1182 631 1270 populi
653 1185 793 1250 Romani
820 1186 1004 1252 exercitum
1028 1187 1109 1253 Rhe

101 1314 202 1358 anum
224 1291 374 1355 transire.
412 1290 565 1354 Accessit
586 1290 696 1372 etiam,
721 1289 811 1376 quod
832 1287 890 1354 illa
916 1311 996 1375 pars
1020 1293 1108 1378 equi·

123 1403 212 1459 tatus
235 1393 410 1479 Usipetum
440 1402 473 1457 et
495 1393 746 1474 Tencterorum,
777 1415 875 1478 quam
898 1415 1000 1476 supra
1024 1417 1110 1461 com-

123 1499 302 1562 memoravi
330 1495 512 1582 praedandi
534 1494 823 1581 frumentandique
851 1516 954 1560 causa
976 1496 1106 1562 Mosam

124 1602 282 1666 transisse
317 1621 421 1685 neque
456 1597 580 1684 proelio
618 1599 845 1682 interfuisses,
883 1609 962 1684 post
993 1599 1109 1684 fugam

126 1727 260 1769 suorum
292 1727 327 1768 se
360 1712 452 1768 trans
484 1701 635 1766 Rhenum
669 1704 702 1767 in
735 1702 818 1767 fines
849 1702 1109 1786 Sugambrorum

102 1817 296 1893 sreceperat
318 1829 418 1891 seque
441 1828 514 1871 cum
537 1807 577 1870 iis
601 1808 827 1872 coniunxerat.
850 1805 904 1871 Ad
928 1829 1012 1893 quos
1037 1831 1110 1874 cum

125 1909 250 1976 Caesar
277 1912 408 1975 nuntios
437 1910 589 1991 misisset,
624 1911 680 1995 qui
709 1909 925 1995 postularent,
955 1933 1026 1996 eos,
1058 1913 1110 1999 qui

125 2015 188 2079 sibi
212 2013 407 2099 Galliaeque
441 2012 563 2078 bellum
597 2012 806 2097 intulissent,
843 2012 906 2078 sibi
940 2012 1110 2096 dederent,

102 2118 383 2202 sresponderunt:
423 2115 535 2202 populi
569 2117 709 2181 Romani
752 2118 926 2202 imperium
958 2117 1110 2184 Rhenum

123 2222 233 2302 finire3
265 2222 292 2285 si
326 2245 360 2285 se
388 2221 491 2285 invito
522 2219 708 2286 Germanos
738 2222 771 2285 in
796 2219 941 2286 Galliam
971 2223 1110 2288 transire

125 2347 190 2389 non
207 2347 346 2411 aequum
371 2327 588 2406 existimaret,
608 2347 665 2388 cur
689 2325 739 2388 sui
756 2326 933 2410 quicquam
954 2347 1033 2392 esse
1055 2328 1110 2392 im·

104 2429 206 2512 sperii
230 2437 287 2493 aut
310 2429 485 2513 potestatis
506 2437 598 2492 trans
621 2427 769 2492 Rhenum
792 2426 1001 2513 postularet?
1032 2429 1110 2496 Ubii

126 2540 256 2610 autem,
295 2533 349 2615 qui
384 2534 439 2595 uni
474 2555 515 2596 ex
552 2531 814 2596 Transrhenanis
851 2530 898 2596 ad
931 2528 1110 2598 Caesarem

125 2634 254 2718 legatos
277 2634 445 2715 miserant,
469 2635 650 2700 amicitiam
672 2635 829 2718 fecerant,
856 2634 991 2701 obsides
1013 2635 1110 2702 dede

104 2748 210 2819 erant,
244 2759 444 2822 magnopere
467 2737 623 2821 orabant,
654 2747 691 2803 ut
721 2737 784 2802 sibi
812 2737 973 2803 auxilium
1001 2739 1110 2819 ferret,

126 2842 215 2926 quod
245 2841 390 2925 graviter
417 2841 459 2906 ab
493 2839 611 2907 Suebis
639 2851 880 2926 premerentur3
914 2841 985 2924 vel,
1022 2843 1052 2908 si
1079 2842 1111 2908 id

126 2946 237 3009 facere
278 2944 551 3028 occupationibus
593 2949 641 3011 rei
681 2944 834 3030 publicae
871 2944 1110 3030 prohiberetur,

127 3049 309 3112 exercitum
337 3047 435 3112 modo
458 3047 607 3113 Rhenum
636 3057 890 3133 transportaret:
923 3047 960 3115 id
983 3048 1048 3114 sibi
1070 3050 1112 3114 ad

127 3150 284 3217 auxilium
320 3173 476 3236 spemque
509 3151 624 3237 reliqui
653 3152 811 3236 temporis
843 3153 924 3217 satis
952 3151 1110 3219 futuram.

106 3255 272 3320 rTantum
306 3276 378 3319 esse
412 3276 531 3319 nomen
566 3265 665 3341 atque
700 3255 889 3340 opinionem
917 3255 990 3321 eins
1019 3278 1112 3322 exer·

127 3361 212 3424 citus
228 3356 395 3422 Ariovisto
419 3356 513 3442 pulso
539 3367 572 3422 et
593 3357 656 3422 hoc
680 3359 858 3423 novissimo
874 3355 1002 3444 proelio
1020 3357 1110 3425 facto

127 3464 225 3526 etiam
255 3461 298 3525 ad
325 3460 457 3525 ultimas
488 3459 726 3526 Germanorum
755 3462 926 3543 nationes,
961 3464 1010 3526 uti
1042 3463 1111 3547 opi·

128 3566 224 3629 nione
254 3573 285 3627 et
307 3565 453 3627 amicitia
480 3562 593 3648 populi
616 3565 755 3630 Romani
785 3564 845 3628 tuti
873 3585 946 3629 esse
968 3567 1110 3649 possint.
