2430 4028
342 267 454 325 cinna
472 275 535 336 1111,
556 275 632 326 cnr.
653 268 764 325 'ao-as.
979 269 1036 338 101

55 463 217 548 suspicati
234 463 354 547 hostes,
370 464 434 529 huc
457 475 588 530 nostros
605 488 677 530 esse
691 473 858 539 venturos,
882 473 984 530 noctu
1006 463 1039 527 in

58 565 150 630 silvis
175 566 389 652 delituerant,
418 578 487 634 tum
510 570 676 656 dispersos
701 568 860 654 depositis
884 569 983 634 armis
1006 569 1039 632 in

58 671 214 736 metendo
239 681 419 759 occupatos
444 673 550 738 subito
576 673 693 752 adorti,
714 675 827 758 paucis
850 672 1039 761 interfectis,

57 773 202 859 reliquos
236 778 368 843 incertis
403 776 571 842 ordinibus
609 776 899 862 perturbaverant,
945 777 1040 841 simul

56 880 210 963 equitatu
235 889 334 966 atque
358 880 482 946 essedis
506 879 798 945 circumdederant.

146 982 197 1046 33.
222 981 336 1048 Genus
365 983 429 1048 hoc
453 993 569 1049 estex
593 983 718 1048 essedis
746 1003 886 1068 pugnae.
930 984 1040 1048 Primo

57 1110 116 1172 per
141 1107 255 1153 omnes
279 1097 391 1173 partes
409 1089 615 1173 perequitant
631 1096 663 1151 et
679 1085 745 1151 tela
761 1088 927 1152 coniciunt
943 1098 1042 1172 atque

57 1192 131 1275 ipso
167 1198 291 1255 terrore
319 1212 476 1275 equorum
505 1199 537 1254 et
566 1192 705 1274 strepitu
735 1198 880 1254 rotarum
913 1190 1042 1256 ordines

57 1293 252 1378 plerumque
275 1293 481 1378 perturbant,
505 1304 538 1359 et
561 1314 634 1358 cum
659 1316 693 1357 se
715 1294 799 1357 inter
817 1294 962 1378 equitum
978 1303 1043 1357 tur-

59 1418 132 1460 mas
157 1397 421 1481 insinuaverunt,
455 1420 496 1462 ex
522 1397 646 1462 essedis
671 1396 826 1462 desiliunt
850 1407 880 1461 et
904 1396 1043 1482 pedibus

58 1500 275 1586 proeliantur.
322 1501 467 1585 Aurigae
495 1502 624 1566 interim
655 1499 816 1585 paulatim
846 1523 888 1565 ex
918 1499 1065 1586 proeli02

60 1604 227 1670 excedunt
243 1614 342 1691 atque
357 1606 404 1669 ita
421 1626 535 1670 currus
552 1604 728 1685 collocant,
753 1615 798 1687 ut,
823 1605 850 1669 si
866 1604 911 1669 illi
930 1627 950 1668 a
966 1603 1045 1668 mul·

59 1707 204 1773 titudine
226 1707 370 1773 hostium
393 1719 593 1794 premantur,
616 1709 806 1795 expeditum
829 1708 871 1772 ad
896 1730 973 1773 suos
997 1729 1045 1770 re·

63 1822 196 1898 ceptum
219 1811 373 1877 habeant.
402 1814 454 1878 Ita
477 1813 691 1878 mobilitatem
708 1815 862 1899 equitum,
889 1811 1067 1878 stabilita-s

62 1927 127 1982 tem
159 1915 304 2002 peditum
335 1919 367 1981 in
397 1916 530 2002 proeliis
554 1927 741 2002 praestant,
768 1939 806 1982 ac
835 1924 962 1980 tantum
984 1937 1045 1978 usu

61 2018 232 2084 cotidiano
267 2028 300 2083 et
330 2019 565 2085 exercitatione
594 2020 754 2100 efficiunt,
791 2021 837 2083 uti
866 2022 898 2083 in
927 2017 1045 2083 declivi

63 2143 104 2187 ao
128 2124 302 2208 praecipiti
324 2123 397 2188 loco
414 2126 568 2189 incitatos
592 2146 693 2209 equos
718 2125 877 2187 sustinere
901 2131 933 2184 et
955 2121 1044 2186 brevi

61 2224 228 2291 moderari
251 2248 291 2290 ac
321 2226 452 2292 flectere
476 2236 508 2292 et
531 2249 589 2314 per
610 2237 775 2292 temonem
801 2247 991 2312 percurrere
1015 2235 1048 2288 et

61 2331 96 2393 in
120 2330 197 2414 iugo
223 2330 371 2395 insistere
395 2341 427 2395 et
450 2353 484 2395 se
500 2331 576 2396 iude
600 2332 632 2395 in
650 2353 764 2395 currus
789 2330 945 2394 citissime
968 2331 1048 2392 reci-

62 2455 143 2517 pere
167 2435 364 2499 consuerint.
752 2436 753 2440 ’

151 2536 204 2600 34.
236 2536 364 2617 Quibus
387 2536 486 2602 rebus
517 2536 716 2622 perturbatis
740 2538 862 2600 nostris
889 2536 1047 2619 [novitate

62 2637 208 2724 pugnae]
243 2648 391 2725 tempore
421 2642 699 2726 opportunissimo
730 2638 854 2704 Caesar
888 2638 1048 2703 auxilium

63 2741 157 2806 tulit:
173 2764 315 2828 namque
332 2746 401 2808 eius
419 2743 562 2809 adventu
580 2744 691 2808 hostes
704 2745 929 2824 constiterunt,
945 2743 1048 2807 nostri

65 2869 101 2910 se
125 2869 169 2911 ex
192 2847 308 2910 timore
324 2858 528 2934 receperunt.
553 2847 626 2929 Quo
646 2848 736 2911 facto
754 2846 797 2911 ad
819 2843 1070 2910 lacessendums

64 2959 99 3015 et
124 2948 169 3014 ad
190 2950 458 3016 committendum
477 2950 636 3036 proelium
660 2950 802 3017 alienum
826 2972 898 3013 esse
920 2958 1049 3033 tempus

65 3052 247 3119 arbitratus
271 3077 329 3119 suo
355 3078 389 3119 se
404 3055 478 3119 loco
496 3056 658 3120 continuit
674 3064 706 3119 et
729 3053 820 3118 brevi
836 3063 981 3137 ternpore
1005 3054 1050 3116 in-

65 3160 220 3222 termisso
243 3157 276 3220 in
301 3167 412 3223 castra
434 3159 581 3242 legiones
604 3158 748 3223 reduxit.
780 3155 867 3220 Dum
890 3155 972 3218 haec
996 3177 1071 3238 ges

65 3269 194 3341 runtur,
218 3261 340 3324 nostris
358 3260 509 3325 omnibns
527 3263 706 3346 occupatis,
731 3261 786 3345 qui
803 3268 896 3323 erant
912 3260 945 3321 in
962 3259 1049 3340 agris

64 3360 202 3446 reliqui,
227 3362 458 3428 discesserunt.
504 3361 645 3430 Secutae
670 3372 745 3428 sunt
772 3363 943 3427 continuos
967 3382 1073 3424 com-s

64 3464 180 3551 plures
204 3463 274 3530 dies
296 3475 530 3551 tempestates,
559 3490 643 3552 quac
667 3477 700 3532 et
722 3475 853 3531 nostros
877 3468 910 3530 in
934 3467 1051 3529 castris

66 3569 275 3634 continerent
298 3580 332 3635 et
354 3570 482 3637 hostem
502 3595 522 3636 a
545 3593 657 3658 pugna
672 3569 891 3657 prohiberent.
919 3570 1073 3634 Interim5
