2430 4028
123 269 184 334 118
424 271 474 320 nn
493 269 613 321 annno
633 270 792 322 ornnrco

123 459 331 546 Cingetorix,
356 458 535 542 Carvilius,
558 460 808 544 'l'aximagulus‚
832 459 1000 544 Segouax,
1026 484 1105 527 nun·

122 566 187 628 tios
217 564 319 629 mittit
348 573 446 650 atque
468 564 518 630 his
541 567 696 650 imperat,
725 565 773 628 uti
803 565 928 630 coactis
952 564 1108 631 omnibus

127 670 232 754 copiis
255 677 367 733 castra
389 667 523 732 navalia
547 666 587 732 de
602 668 781 753 improviso
797 666 990 734 adoriantur
1008 680 1110 757 atque

102 781 325 857 soppugnent.
349 771 377 835 li
400 793 474 835 cnm
497 771 541 836 ad
564 780 673 836 castra
691 773 868 855 venissent,
892 775 998 838 nostri
1014 796 1110 860 erup·

124 877 213 940 tione
246 876 337 939 facta
370 874 481 940 multis
512 897 624 940 eorum
653 875 850 954 interfectis,
883 884 982 961 capto
1008 880 1113 943 etiam

125 977 227 1043 nobili
251 977 334 1043 duce
357 978 560 1063 Lugotorige
583 1000 659 1045 suos
684 977 865 1043 incolumes
893 978 1111 1046 reduxerunt

102 1079 396 1151 sCassivellaunus
420 1081 483 1147 hoo
506 1082 631 1167 proelio
648 1084 809 1165 nuntiato,
832 1090 883 1146 tot
904 1080 1112 1149 detrimentis

126 1187 289 1270 acceptis,
324 1189 464 1250 vastatis
488 1185 607 1251 finibus
616 1237 624 1268 ,
649 1187 793 1250 maxime
816 1187 915 1249 etiam
939 1196 1113 1272 permotus

127 1286 309 1353 defectione
332 1292 519 1367 civitatum,
548 1290 677 1374 legatos
708 1312 767 1376 per
791 1290 985 1356 Atrebatem
1013 1290 1113 1357 Com·

103 1394 227 1458 amium
243 1394 284 1459 de
305 1393 471 1458 deditione
488 1394 531 1459 ad
542 1391 720 1458 Caesarem
742 1394 853 1459 mittit.
876 1392 1012 1477 Caesar,
1037 1417 1113 1462 cum

127 1497 352 1562 constituisset
384 1496 528 1561 hiemare
559 1500 591 1561 in
622 1497 802 1562 continenti
831 1506 966 1583 propter
994 1521 1115 1585 repen-

127 1603 214 1666 tinos
238 1599 369 1665 Galliae
391 1609 518 1682 motus,
541 1623 647 1686 neque
674 1601 812 1665 multum
835 1605 973 1666 aestatis
997 1624 1113 1688 super-

128 1713 224 1785 esset,
248 1712 347 1789 atque
370 1703 405 1768 id
427 1703 525 1768 facile
548 1704 676 1768 extrahi
700 1726 798 1789 posse
814 1704 1030 1789 intellegeret,
1053 1705 1111 1772 ob·

129 1805 215 1871 sides
237 1808 378 1892 imperat
400 1816 448 1888 et,
479 1806 558 1892 quid
580 1809 614 1871 in
638 1830 742 1874 annos
767 1808 914 1893 singulos
936 1809 1113 1895 vectigalis

107 1908 251 1993 spopulo
267 1909 416 1974 Romano
432 1910 605 1976 Britannia
620 1910 787 1997 penderet,
804 1913 991 1995 constituit3
1015 1914 1115 1979 inter·

130 2012 210 2077 dicit
233 2024 330 2098 atque
354 2014 494 2099 imperat
517 2011 777 2098 Cassivellauno,
804 2037 845 2079 ne
868 2015 1112 2082 Mandubracio

129 2138 193 2181 neu
208 2115 468 2181 Trinobantibus
491 2127 619 2181 noceat.

217 2219 269 2284 23.
305 2218 484 2285 Obsidibus
517 2224 663 2306 acceptis
694 2223 875 2286 exercitum
904 2221 1036 2290 reducit
1070 2224 1113 2290 ad

110 2349 232 2407 amare,
251 2347 353 2389 naves
376 2326 500 2389 invenit
523 2324 676 2390 refectas.
699 2326 761 2389 His
781 2325 942 2402 deductis,
966 2325 1059 2412 quod
1081 2337 1115 2392 ct

132 2431 337 2515 captivorum
353 2449 509 2511 magnum
525 2451 696 2494 numerum
712 2428 860 2494 babebat
881 2439 915 2495 et
934 2431 1116 2497 nonnullae

131 2542 329 2618 tempestate
353 2533 560 2619 deperierant
586 2557 699 2619 naves,
725 2535 853 2601 duobus
875 2534 1117 2601 commeatibus

109 2637 314 2701 sexercitum
337 2647 506 2722 reportare
529 2639 678 2703 instituit.
704 2639 753 2703 Ac
777 2641 825 2704 sic
845 2637 978 2718 accidit,
1000 2639 1052 2702 uti
1074 2661 1118 2703 cx

132 2750 225 2805 tanto
249 2742 382 2805 navium
404 2762 539 2806 numero
561 2750 613 2805 tot
629 2741 900 2825 navigationibus
922 2763 1030 2827 neqne
1053 2741 1118 2807 hoc

133 2866 239 2928 neque
263 2844 430 2929 superiore
452 2865 539 2908 anno
563 2844 632 2910 ulla
656 2848 786 2911 omnino
810 2848 921 2925 navis,
950 2866 1038 2930 quae
1060 2848 1118 2912 mi·

111 2947 206 3012 alites
229 2957 386 3032 portaret,
411 2947 668 3031 desideraretur3
691 2960 727 3014 at
749 2973 791 3014 ex
813 2951 869 3031 iis,
894 2971 979 3034 quae
1001 2950 1120 3014 inanes

135 3075 176 3116 ex
201 3052 380 3117 continenti
404 3051 448 3114 ad
470 3074 544 3116 eum
567 3054 810 3118 remitterentur
832 3062 866 3116 et
887 3054 1007 3137 prioris
1029 3074 1119 3118 com·

134 3165 262 3221 meatus
287 3156 445 3240 expositis
469 3152 628 3220 militibus
653 3164 685 3220 et
708 3178 790 3241 quas
813 3165 929 3242 postea
946 3154 1118 3221 Labienus

137 3258 308 3324 faciendas
338 3267 514 3323 curaverat
535 3281 669 3324 numero
693 3277 757 3342 mr,
790 3281 980 3347 perpaucae
1008 3258 1120 3327 locum

115 3371 307 3449 scaperent,
341 3362 488 3447 reliquae
526 3363 594 3427 lere
625 3385 737 3428 omnes
769 3365 978 3429 reicerentur.
1024 3361 1120 3444 Quas

137 3490 210 3533 cum
227 3464 429 3551 aliquamdiu
447 3462 572 3530 Caesar
587 3467 709 3531 frustra
725 3474 963 3551 exspectasset,
978 3487 1021 3531 ne
1040 3468 1121 3531 anni

136 3582 283 3655 tempore
314 3590 334 3631 a
362 3570 574 3651 navigatione
601 3569 848 3651 excluderetur,
884 3567 974 3655 quod
1005 3571 1120 3655 aequi·
