2430 4028
383 855 419 921 c.
443 813 557 921 iunn
581 849 798 918 orsenius

165 1015 278 1123 DE
315 1012 591 1122 BELLO
635 1007 1011 1120 GALLICO

367 1227 511 1280 LIBER
540 1223 803 1281 SECUNDUS.

514 1404 666 1416 —-.....-..

443 1575 736 1633 ARGUMENTUlL

97 1698 143 1770 [A.
160 1701 195 1752 U.
215 1700 243 1751 Ο.
263 1698 330 1766 697.]
351 1700 451 1749 Omnes
471 1698 573 1764 Belgae
592 1715 655 1749 cum
674 1704 769 1750 contra
785 1702 918 1767 populum
930 1701 1082 1750 Romanum

133 1788 324 1837 coniurassent
342 1791 369 1835 et
386 1786 494 1848 Bibrax,
514 1785 642 1851 oppidum
660 1786 815 1850 Remorum,
834 1790 880 1854 qui
898 1788 950 1839 soli
968 1803 1030 1838 cum
1048 1789 1081 1837 iis

132 1872 224 1922 facere
242 1872 393 1931 noluerant,
418 1876 613 1937 oppugnarent,
639 1872 728 1922 missis
747 1888 763 1922 a
783 1872 900 1924 Caesare
918 1873 1028 1924 auxiliis
1046 1874 1081 1923 ab

132 1957 275 2007 obsidione
294 1957 464 2008 deterrentur
484 1959 617 2020 c,1-103
638 1957 808 2008 discedentes
823 1958 924 2010 Caesar
943 1960 1082 2008 insecutus

132 2043 162 2091 in
181 2041 273 2107 lugam
292 2043 393 2092 conicit
417 2059 439 2092 o.
459 2043 499 2091 11.
536 2040 737 2105 Suessionibus,
760 2042 922 2106 Bellovacis,
941 2045 1083 2094 Ambianis

132 2129 163 2182 in
181 2126 262 2177 fidem
280 2128 399 2191 acceptis
419 2126 520 2176 Caesar
537 2129 652 2178 Nervios
677 2144 738 2177 oum
762 2130 843 2178 sociis
862 2130 1037 2180 Atrebatibus
1056 2135 1083 2179 et

132 2213 331 2264 Veromanduis
354 2215 459 2264 fortiter
485 2220 667 2279 repugnantes
687 2214 807 2265 debellat
833 2232 855 2265 c.
876 2217 990 2280 12-28,
1017 2218 1083 2266 item

131 2300 289 2351 Aduatucos
313 2317 336 2352 o.
355 2302 464 2351 29-33.
504 2301 658 2351 Armoricae
683 2307 777 2366 gentes
804 2302 834 2352 P.
855 2301 969 2352 Crassus
992 2304 1020 2351 in
1044 2301 1083 2350 di-

132 2387 240 2436 cionem
263 2387 356 2452 populi
378 2387 494 2436 Romani
518 2387 623 2453 redegit
646 2404 668 2437 c.
688 2387 730 2436 34.
766 2387 848 2436 Omni
873 2386 964 2438 Gallia
987 2393 1085 2452 pacata

132 2473 255 2537 legiones
272 2474 301 2522 in
320 2473 434 2522 hiberna
452 2473 622 2523 deducuntur
639 2490 661 2523 c.
680 2474 721 2522 35.

188 2644 218 2706 1.
241 2642 324 2710 Cum
348 2654 434 2710 esset
453 2642 579 2711 Caesar
601 2645 634 2708 in
658 2646 808 2709 citeriore
833 2643 944 2709 Gallia
970 2644 1015 2728 [in
1036 2642 1084 2708 hi·

94 2747 237 2830 bernisl,
271 2747 321 2811 ita
353 2749 400 2812 uti
429 2769 528 2833 supra
558 2747 875 2826 demonstravimus,
911 2747 1017 2812 crebri
1041 2747 1084 2811 ad

94 2875 173 2917 eum
195 2873 342 2915 rumores
365 2851 602 2926 afferebantur,
631 2851 812 2936 litterisque
841 2853 920 2916 item
942 2850 1083 2915 Labieni

94 2957 221 3019 certior
251 2953 353 3020 fiebat
387 2978 501 3019 omnes
529 2954 673 3039 Belgas,
713 2976 812 3040 quarn
845 2956 977 3019 tertiam
1011 2976 1084 3019 esse

96 3057 231 3122 Galliae
254 3068 381 3143 partem
405 3059 612 3141 dixeramus,
644 3066 760 3122 contra
783 3056 941 3141 populum
964 3057 1083 3121 Roma-

93 3184 177 3226 num
200 3164 372 3227 coniurare
395 3160 592 3246 obsidesque
614 3163 699 3226 inter
715 3183 749 3224 se
767 3159 854 3223 dare.
881 3157 1104 3224 Coniurandin

94 3265 158 3328 has
182 3287 255 3330 esse
278 3287 417 3331 causas:
442 3268 593 3350 primum,
610 3264 699 3350 quod
714 3273 913 3335 vererentur,
930 3287 971 3328 ne
995 3264 1082 3328 omni

95 3376 223 3453 pacata
243 3366 354 3433 Gallia
377 3369 421 3434 ad
444 3391 501 3433 eos
525 3370 689 3435 exercitus
713 3377 826 3432 noster
849 3367 1082 3453 adduceretur3

96 3471 235 3555 deinde,
271 3471 360 3556 quod
395 3470 437 3536 ab
472 3471 639 3536 nonnullis
675 3470 782 3536 Gallie
818 3469 1105 3553 sollicitaremus
