2430 4028
134 256 195 322 182
441 257 491 306 DE
512 256 629 308 BELLO
649 255 809 308 Glauce

130 469 194 533 quo
218 455 349 512 nostros
380 457 512 532 postero
541 448 594 514 die
624 447 818 533 pabulatum
840 455 998 514 venturos
1027 448 1112 514 arbi-

106 560 276 617 strar-etur.
302 550 428 632 Quibus
451 550 550 616 rebus
573 555 715 636 cognitis
732 551 840 617 media
861 560 959 618 nocte
981 552 1112 619 silentio

106 653 295 738 eprofcctus
329 656 373 719 ad
406 654 552 719 hostium
585 665 696 720 castra
729 676 825 719 mane
858 657 1016 741 pervenit.
1061 656 1112 722 Illi

128 757 275 822 celeriter·
298 780 355 841 per
380 758 605 841 exploratores
628 757 771 823 adventu
795 755 951 824 Caesaris
978 761 1112 844 cognito

128 882 241 925 carros
264 860 563 947 impedimentaque
587 863 701 926 suain
731 863 869 927 artiores
897 859 1001 928 silvas
1023 862 1114 929 abdi·

128 963 253 1043 derunt,
276 966 390 1049 copias
416 986 528 1029 omnes
550 967 585 1029 in
601 963 673 1029 loco
697 964 786 1030 edito
810 973 910 1049 atque
926 974 1044 1051 aperto
1067 966 1113 1031 iu·

104 1076 327 1132 ostruxerunt.
353 1067 428 1148 Qua
443 1090 478 1132 re
494 1069 644 1133 nuntiata
657 1064 781 1132 Caesar
796 1067 947 1133 celeriter
961 1070 1112 1135 sarcinas

126 1170 278 1253 conferri,
302 1193 395 1235 arma
418 1170 565 1256 expediri
588 1173 694 1236 iussit.

214 1273 264 1340 19.
287 1272 388 1341 Collis
412 1285 484 1340 erat
506 1274 624 1339 leniter
645 1275 688 1338 ab
712 1275 824 1339 infimo
841 1274 987 1340 acclivis.
1013 1276 1110 1341 Hunc

128 1403 169 1442 cx
195 1378 345 1443 omnibus
373 1380 443 1443 fere
466 1377 616 1463 partibus
646 1378 742 1464 palus
766 1377 908 1445 difficilis
932 1388 1035 1466 atque
1057 1382 1112 1445 im·

126 1482 239 1566 pedita
273 1481 428 1564 cingebat
461 1503 527 1546 non
561 1481 659 1546 latior
686 1481 826 1565 pedibus
860 1482 1109 1567 quinquaginta.

104 1586 200 1650 aHoc
224 1607 259 1650 se
282 1585 366 1650 colle
389 1586 581 1669 interruptis
610 1584 765 1669 pontibus
789 1583 878 1650 Galli
901 1583 1027 1651 fiducia
1048 1587 1111 1653 loci

126 1688 338 1755 continebant
382 1688 627 1773 generatimque
674 1687 841 1753 distributi
885 1690 920 1753 in
957 1690 1109 1756 civitates

126 1792 236 1856 omnia
265 1791 354 1856 vada
381 1792 450 1856 eius
482 1790 613 1874 paludis
642 1813 682 1853 ac
713 1789 816 1855 saltus
840 1789 1038 1859 obtinebant
1064 1793 1109 1859 sic

125 1897 234 1960 animo
258 1897 377 1980 parati,
402 1903 447 1976 ut,
473 1896 501 1959 si
524 1916 597 1958 eam
621 1893 777 1977 paludem
799 1894 942 1959 Romani
965 1917 1108 1980 perrum-

126 2021 201 2082 pere
223 2007 428 2070 conarentur,
454 1997 655 2062 haesitantes
680 2009 864 2081 premerent
892 2020 936 2063 ex
957 1997 1035 2065 loco
1058 2022 1107 2065 su·

103 2107 262 2188 aperiero,
289 2112 334 2183 ut,
352 2105 407 2187 qui
430 2103 710 2186 propinquitatem
733 2100 798 2164 loci
821 2099 956 2182 videret,
973 2111 1108 2187 paratos

125 2229 226 2292 prope
265 2227 370 2290 aequo
405 2205 511 2269 Marte
549 2203 592 2268 ad
633 2204 857 2269 dimicandum
894 2205 1108 2279 existimaret,

124 2313 178 2395 qui
200 2310 408 2395 iniquitatem
432 2307 637 2374 condicionis
661 2308 873 2393 perspiceret,
896 2309 989 2373 inani
1013 2310 1107 2373 simu·

102 2413 280 2480 slulatioue
316 2435 387 2477 sese
417 2422 583 2477 ostentare
617 2422 840 2495 cognosceret.
891 2411 1107 2498 Indignantes

123 2517 245 2582 milites
269 2516 405 2591 Caesar,
435 2515 523 2601 quod
547 2524 760 2600 conspectum
783 2537 880 2582 suum
901 2513 1017 2585 hostes
1040 2540 1106 2604 pcr-

123 2623 206 2683 ferre
236 2630 371 2704 possent
399 2618 527 2684 tantulo
557 2621 664 2704 spatio
693 2619 881 2696 interiecto,
915 2628 948 2684 et
979 2621 1108 2707 signum

124 2722 237 2807 proelii
272 2733 489 2806 exposcentes
522 2723 656 2805 edocet,
690 2732 814 2808 quanto
849 2721 1046 2790 detrimento
1077 2731 1109 2789 et

123 2837 203 2910 quot
233 2829 376 2891 virorum
409 2826 544 2891 fortium
578 2835 681 2890 morte
718 2848 854 2892 necesse
883 2828 926 2891 sit
954 2836 1107 2893 censure

101 2931 312 3011 auctoriam,
344 2952 426 3014 quos
459 2951 533 2993 cum
556 2931 603 2994 sic
626 2931 737 2993 animo
768 2939 901 3015 paratos
924 2929 1051 3011 videat,
1072 2938 1108 2996 ut

123 3032 246 3098 nullum
269 3055 328 3117 pro
360 3055 420 3097 sua
443 3032 541 3098 laude
563 3032 744 3118 periculum
767 3042 930 3110 recusent,
960 3055 1107 3101 summac

123 3157 157 3200 se
181 3137 362 3220 iniquitatis
386 3136 598 3201 condemnari
622 3135 749 3212 debere,
779 3138 843 3203 nisi
866 3159 981 3203 corum
1004 3141 1105 3204 vitam

100 3261 183 3303 esua
206 3238 453 3304 salute'habeat
475 3241 647 3304 cariorem.
692 3238 748 3305 Sic
770 3240 891 3307 milites
913 3242 1106 3309 consolatus

123 3340 237 3404 eodem
266 3341 319 3406 die
345 3341 473 3406 reducit
502 3343 535 3406 in
564 3351 677 3407 castra
708 3342 916 3430 reliquaque,
947 3365 1035 3430 quae
1064 3343 1107 3411 ad

123 3447 400 3529 oppugnationem
445 3443 653 3529 pertinebant
692 3445 827 3530 oppidi,
872 3444 1104 3517 administrare

122 3550 274 3612 instituit.
