2430 4028
141 245 183 310 32
445 245 494 294 nu
514 244 634 294 annno
655 243 811 294 csuuroo

117 434 372 519 apremebantur
388 443 420 498 et
435 433 638 518 agricultura
653 433 920 518 prohibebantur.
938 432 1125 500 Sueborum

140 557 222 619 gens
256 547 306 602 est
341 538 439 623 longe
473 541 618 603 maxima
649 549 682 604 et
710 538 961 604 bellicosissima
984 539 1125 605 Germa·

115 662 255 708 rnorum
278 643 431 706 omnium.
461 641 507 705 Hi
529 649 660 707 centum
683 662 789 726 pagos
811 641 933 707 babere
956 641 1125 724 dicuntur,

139 766 182 807 ex
211 743 328 828 quibus
359 744 533 830 quotannis
558 745 688 830 singula
710 745 801 810 milia
828 755 1028 810 armatorum
1059 744 1127 810 bel·

117 846 229 916 alandi
252 869 354 912 causa
376 870 418 912 ex
441 848 562 912 finibus
585 848 739 914 educunt.
783 848 923 935 Reliqui,
952 850 1008 934 qui
1032 847 1124 914 domi

137 960 338 1030 manserunt,
362 974 397 1016 se
420 960 518 1038 atque
540 951 615 1018 illos
638 953 745 1034 alunt3
775 951 808 1016 hi
825 975 936 1018 rursus
958 955 993 1016 in
1015 954 1124 1018 vicem

116 1076 224 1124 canno
255 1065 331 1141 post
360 1056 394 1120 in
425 1056 525 1122 armis
550 1066 635 1140 suut,
663 1056 712 1120 illi
735 1055 823 1122 domi
846 1064 1028 1122 remanent.
1066 1056 1123 1121 Sic

137 1181 243 1244 neque
265 1159 466 1244 agricultura
495 1181 555 1225 nec
585 1162 669 1224 ratio
693 1167 792 1246 atque
814 1182 893 1225 usus
916 1158 994 1225 belli
1024 1161 1122 1225 inter·

117 1263 285 1332 rmittitur.
310 1261 377 1326 Sed
392 1263 510 1347 privati
534 1284 575 1326 ac
594 1265 738 1348 separati
762 1265 833 1348 agri
852 1262 942 1349 apud
964 1284 1023 1329 eos
1041 1263 1123 1328 nibil

138 1373 198 1448 est,
226 1387 331 1451 neque
360 1365 490 1448 longius
521 1388 606 1430 anno
630 1387 799 1430 remanere
826 1388 891 1431 uno
920 1367 955 1430 in
976 1364 1050 1432 loco
1075 1368 1121 1431 in·

116 1468 268 1537 scolendi
297 1490 399 1534 causa
420 1467 507 1532 licet.
544 1469 658 1555 Neque
688 1469 824 1534 multum
846 1471 1026 1553 frumento,
1062 1470 1122 1535 sed

136 1573 316 1637 maximam
344 1581 473 1659 partem
500 1572 585 1640 laete
613 1581 712 1658 atque
740 1594 860 1658 pecore
882 1574 1009 1656 vivunt,
1039 1573 1121 1639 mul·

116 1684 271 1764 stumque
294 1678 424 1741 suntin
447 1675 694 1759 venationibus3
729 1698 813 1762 quae
836 1699 888 1740 res
920 1687 954 1741 et
975 1675 1042 1741 cibi
1065 1699 1122 1762 ge·

138 1802 216 1844 nere
244 1789 276 1844 et
306 1779 475 1844 cotidiana
505 1780 742 1844 exercitatione
770 1788 803 1844 et
835 1778 986 1845 libertate
1019 1781 1120 1863 vitae,

137 1905 212 1947 cum
235 1906 255 1947 a
278 1885 388 1968 pueris
411 1883 500 1948 nullo
530 1883 639 1948 officio
662 1891 720 1947 aut
743 1883 918 1968 disciplina
940 1883 1121 1949 assuefacti

136 1986 216 2051 nihil
240 1988 371 2052 omnino
395 1996 511 2052 contra
526 1987 731 2052 voluntatem
747 1988 882 2069 faciant,
905 1996 939 2051 et
952 1987 1042 2052 viros
1062 1985 1121 2052 alit

138 2099 170 2153 et
197 2092 331 2155 immani
364 2113 537 2176 corporum
571 2090 796 2175 magnitudine
828 2090 976 2155 homines
1006 2089 1118 2158 efficit.

102 2223 128 2262 ro
137 2193 246 2281 Atque
267 2195 302 2258 in
317 2216 389 2259 eam
410 2216 445 2257 se
460 2192 731 2259 consuetudinem
748 2192 966 2277 adduxerunt,
983 2202 1021 2258 ut
1035 2193 1119 2259 locis

136 2295 360 2382 frigidissimis
390 2320 498 2382 neque
520 2299 659 2362 vestitus
683 2306 812 2383 praeter
834 2295 936 2383 pelles
958 2295 1121 2362 haberent

137 2403 328 2486 quicquam,
364 2422 502 2487 quarum
525 2410 659 2486 propter
682 2401 895 2487 exiguitatem
917 2421 1041 2486 magna
1069 2410 1120 2466 est

137 2506 285 2590 corporis
308 2527 386 2590 pars
410 2513 534 2589 aperta,
558 2513 590 2569 ct
612 2493 802 2571 lavarentur
822 2505 858 2569 in
874 2502 1075 2569 fluminibus.

222 2606 515 2672 ultramarinus
544 2617 594 2672 est
623 2606 733 2673 aditus
756 2611 862 2692 magis
885 2629 935 2689 eo,
962 2615 1008 2690 ut,
1033 2628 1119 2692 quae

135 2710 221 2775 bello
246 2712 408 2796 ceperint,
432 2709 550 2795 quibus
573 2710 719 2775 vendant
746 2707 901 2793 habeant,
930 2730 1029 2795 quam
1052 2732 1117 2796 quo

114 2814 236 2883 nullam
259 2836 328 2879 rem
351 2813 394 2879 ad
418 2836 452 2877 se
475 2814 643 2899 importari
667 2813 861 2879 desiderent.
907 2812 994 2894 Quin
1017 2814 1118 2878 etiam

135 2920 300 3000 iumentis,
324 2916 442 3002 quibus
466 2919 609 2982 maxime
626 2916 715 2983 Galli
739 2917 944 2983 delectantur
966 2937 1118 3003 quaeque

26 3056 29 3061 ·
135 3025 284 3107 impenso
314 3030 434 3105 parant
462 3023 584 3106 pretio,
623 3019 805 3104 [Germani]
836 3022 1022 3106 importatis
1050 3043 1117 3086 non

135 3134 280 3206 utuntur,
306 3123 364 3187 sed
387 3145 471 3208 quae
495 3133 569 3189 sunt
592 3123 681 3209 apud
703 3147 760 3189 eos
783 3132 872 3206 nata,
889 3145 994 3209 parva
1016 3131 1117 3207 atque

136 3227 305 3310 deformia,
339 3226 423 3292 haec
457 3227 625 3293 cotidiana
658 3229 893 3293 exercitatione
928 3226 1048 3291 summi
1080 3236 1117 3290 ut

114 3332 202 3397 asint
223 3329 346 3395 laboris
370 3331 523 3397 efficiunt.
554 3330 771 3418 Equestribus
794 3329 926 3416 proeliis
950 3351 1050 3416 saepe
1072 3352 1117 3395 ex

135 3435 227 3521 equis
255 3433 411 3500 desiliunt
443 3456 483 3498 ac
517 3435 656 3520 pedibus
689 3432 912 3520 proeliantur,
947 3455 1116 3519 equosque

136 3537 250 3603 eodem
273 3559 443 3603 remanere
464 3539 604 3621 vestigio
627 3537 882 3620 assuefeceram,
906 3535 950 3601 ad
971 3558 1057 3622 quos
1080 3559 1115 3602 se
