2430 4028
413 272 522 321 nrssnn
542 272 603 335 ms
617 271 692 322 ose.
712 274 787 324 s-o.
1048 273 1087 334 67

110 463 257 528 mabant.
280 462 409 528 Horum
431 464 625 528 auctoritate
639 462 766 527 finitimi
792 463 924 530 adducti
950 462 999 543 (ut
1017 472 1112 528 sunto

112 566 284 631 Gallorum
314 566 422 631 subita
456 575 489 631 et
519 569 690 649 repentina
721 567 872 648 consilia)
905 567 1020 632 eadem
1050 567 1090 631 de

111 693 215 735 causa
231 669 387 734 Trebium
405 668 693 755 Terrasidiumque
715 672 865 753 retinent,
890 681 922 735 et
941 671 1091 734 celeriter

112 775 221 838 missis
245 772 361 860 legatis
386 795 443 857 per
466 795 542 837 suos
566 773 730 858 principes
752 776 835 838 inter
857 797 891 838 se
908 776 1090 856 coniurant,

109 876 191 940 nihil
232 877 296 940 nisi
340 878 504 941 communi
543 876 679 942 consilio
720 888 852 942 acturos
887 878 1090 962 eundemque

109 980 217 1045 omnis
252 979 403 1044 fortunae
438 980 563 1043 exitum
597 1001 669 1043 esse
702 979 845 1061 laturos,
883 980 1113 1066 reliquasquer

110 1086 264 1148 civitates
281 1082 469 1159 sollicitant,
491 1093 528 1147 ut
551 1084 582 1146 in
600 1105 638 1148 ea
655 1082 814 1162 libertate,
840 1106 936 1169 quam
954 1108 973 1149 a
989 1085 1089 1149 maio·

107 1187 202 1252 ribus
226 1189 423 1271 acceperint,
448 1208 639 1271 permanere
664 1209 760 1272 quam
779 1187 1001 1253 Romanorum
1025 1211 1089 1252 ser-

109 1293 250 1355 vitutem
272 1291 415 1376 perferre
438 1290 581 1355 mallent.
617 1289 714 1355 Omni
740 1314 798 1356 ora
820 1294 984 1357 maritima
1007 1292 1112 1357 cele-5

107 1398 189 1459 riter
213 1394 256 1458 ad
280 1417 372 1459 suam
390 1395 585 1460 senteutiam
602 1394 761 1478 perducta
785 1418 988 1461 communem
1005 1395 1090 1480 lega·

108 1501 233 1563 tionem
258 1498 300 1562 ad
323 1497 475 1562 Publium
500 1496 654 1562 Crassum
682 1500 829 1563 mittunt:
861 1501 887 1563 si
911 1499 990 1564 velit
1012 1519 1089 1564 suos

108 1603 267 1686 recipere,
292 1599 423 1666 obsides
447 1601 510 1666 sibi
533 1604 688 1666 remittat.

214 1703 244 1771 9.
269 1704 395 1796 Quibus
420 1704 580 1770 derebus
605 1703 729 1770 Caesar
757 1705 800 1770 ab
824 1704 946 1772 Crasso
971 1711 1090 1773 certior

110 1809 232 1891 factus,
258 1809 345 1893 quod
359 1810 429 1893 ipse
446 1808 560 1873 aberat
576 1809 716 1893 longius,
741 1832 843 1874 naves
866 1811 996 1874 interim
1019 1810 1088 1874 lon·

109 1935 171 1996 gas
189 1911 359 1977 aedificari
373 1914 406 1976 in
429 1912 562 1977 flumine
579 1913 706 1996 Ligeia,
732 1912 819 1998 quod
835 1913 941 1978 influit
956 1916 990 1978 in
1007 1913 1088 1978 Oce·

107 2039 225 2097 anum,
250 2017 389 2100 remiges
413 2040 454 2081 ex
478 2017 649 2101 provincia
666 2016 804 2096 institui,
829 2027 947 2082 nantas
971 2017 1089 2102 guber-

108 2128 308 2204 natoresque
343 2122 529 2203 comparari
566 2120 665 2184 iubet.
714 2120 774 2183 His
808 2121 907 2185 rebus
941 2119 1110 2192 celeriterz

107 2222 348 2288 administratis
376 2222 464 2308 ipse,
500 2245 572 2287 cum
603 2226 741 2308 primurn
773 2246 831 2308 per
860 2224 936 2288 anni
959 2234 1088 2309 tempus

107 2327 227 2410 potuit,
251 2326 293 2390 ad
317 2329 499 2392 exercitum
523 2327 700 2392 contendit.
737 2328 854 2392 Veneti
878 2328 1111 2414 reliquaequeo

107 2433 187 2496 item
212 2432 361 2496 civitates
386 2433 518 2514 cognito
532 2429 684 2496 Caesaris
701 2432 853 2514 adventu,
878 2431 974 2497 simul
991 2433 1088 2516 quod,

107 2543 267 2620 quantum
296 2536 329 2598 in
358 2557 393 2599 se
421 2534 550 2599 facinus
583 2534 807 2617 admisissent,
843 2535 1087 2621 intellegebant,

105 2637 252 2720 legatos,
284 2638 372 2723 quod
400 2661 519 2704 nomen
549 2638 592 2702 ad
623 2661 736 2703 omnes
764 2641 914 2704 nationes
939 2649 1088 2703 sanctum

106 2740 365 2828 inviolatumque
388 2764 516 2827 semper
544 2743 675 2824 fuisset,
706 2752 850 2808 retentos
875 2742 917 2807 ab
942 2765 976 2806 se
1000 2745 1088 2806 etin

105 2845 239 2910 vincula
262 2848 446 2926 coniectos,
475 2868 535 2930 pro
559 2847 783 2930 magnitudine
807 2846 943 2931 periculi
965 2846 1086 2911 bellum

104 2970 226 3035 parare
250 2956 282 3012 et
304 2950 450 3013 maxime
474 2972 528 3026 ea,
558 2972 642 3034 quae
665 2949 708 3014 ad
737 2971 833 3014 usum
860 2951 993 3014 navium
1016 2972 1086 3034 per-

103 3054 228 3133 tinent,
258 3051 432 3136 providere
454 3053 644 3132 instituunt,
671 3052 734 3119 hoc
757 3055 881 3118 maiore
906 3076 973 3138 spe,
999 3054 1087 3139 quod

103 3153 244 3219 multum
278 3164 396 3218 natura
432 3156 496 3219 loci
532 3155 751 3221 confidebant.
808 3154 975 3220 Pedestria
1012 3179 1118 3222 esser

103 3259 223 3322 itinera
250 3259 385 3324 concisa
408 3261 595 3341 aestuariis,
624 3261 869 3342 navigationem
896 3260 1087 3345 impeditam

103 3369 241 3447 propter
262 3361 468 3426 inscientiam
491 3362 637 3427 locorum
654 3363 917 3448 paucitatemque
934 3371 1087 3448 portuum

103 3463 271 3546 sciebant,
295 3485 401 3549 neque
429 3476 560 3531 nostros
587 3469 751 3531 exercitus
774 3474 908 3550 propter
931 3467 1108 3532 frumentis

102 3569 252 3652 inopiam
276 3566 397 3632 diutius
420 3570 509 3653 apud
533 3594 568 3634 se
591 3571 714 3635 morari
736 3592 834 3655 posse
858 3569 1085 3652 confidebant3

827 3703 832 3724 ¹,
893 3690 930 3738 ᾗ*

828 3739 858 3759 ι,.
