2430 4028
128 286 165 349 12
424 288 474 336 DE
492 286 612 336 BELLO
634 286 791 338 GALLICO

115 475 175 539 die
199 475 396 540 frumentum
414 474 571 539 militibus
594 477 700 540 metiri
717 483 892 560 oporteret,
909 477 1101 540 convocatis

126 601 238 643 eorum
250 579 464 664 principibus,
473 602 609 665 quorum
621 601 774 664 magnam
788 581 920 664 copiam
934 580 969 643 in
984 580 1102 643 castris

122 680 277 763 babebat,
301 684 335 745 in
358 681 408 746 his
432 683 597 747 Divitiaco
621 691 654 747 et
669 682 780 764 Lisco,
806 684 860 768 qui
884 704 1009 746 summo
1033 705 1100 745 ma-

122 786 273 867 gistratui
284 795 444 871 praeerat,
456 809 552 872 quem
563 786 793 870 vergobretum
807 785 975 872 appellant
984 785 1100 868 Aedui,

123 891 177 973 qui
201 899 330 955 creatur
352 912 479 956 annuus
503 901 536 955 et
557 893 645 954 vitae
668 891 822 976 necisque
844 891 878 954 in
903 912 979 954 suos
1002 889 1103 955 habet

101 1002 330 1077 opotestatem,
355 996 499 1078 graviter
522 1017 579 1060 eos
603 1006 750 1076 accusat,
774 994 872 1080 quod,
899 1015 975 1058 cum
996 1017 1102 1080 neque

123 1098 185 1160 emi
219 1119 325 1183 neque
354 1120 397 1162 ex
424 1101 513 1182 agris
538 1101 620 1163 sumi
651 1107 779 1184 posset,
814 1107 882 1162 tam
915 1101 1101 1163 necessario

123 1209 280 1286 tempore,
303 1210 371 1265 tam
400 1202 592 1287 propinquis
614 1200 765 1265 hostibus
795 1200 836 1265 ab
865 1202 907 1265 iis
930 1223 995 1265 non
1027 1200 1103 1264 sub·

124 1303 260 1385 levetur,
296 1306 489 1388 praesertim
522 1327 597 1370 cum
630 1325 752 1387 magna
786 1328 828 1369 ox
861 1313 954 1388 parte
989 1326 1102 1368 eorum

122 1406 274 1492 precibus
297 1406 460 1471 adductus
488 1406 611 1471 bellum
640 1409 834 1493 susceperit3
869 1407 972 1472 multo
1002 1409 1101 1471 etiam

123 1512 266 1594 gravius,
291 1510 381 1594 quod
403 1511 445 1573 sit
469 1510 653 1590 destitutus,
678 1512 834 1595 queritur.

211 1613 260 1676 17.
283 1614 368 1678 Tum
391 1613 522 1678 demum
546 1614 663 1678 Liscus
694 1614 841 1679 oratione
865 1611 1018 1680 Caesaris
1048 1614 1104 1679 ad·

123 1718 255 1801 ductus,
285 1717 374 1803 quod
402 1727 501 1782 antea
529 1727 692 1801 tacuerat,
717 1719 889 1804 proponit:
924 1741 996 1783 esse
1019 1740 1102 1781 non-

123 1820 246 1903 nullos,
281 1843 419 1906 quorum
443 1825 622 1888 auctoritas
651 1823 740 1908 apud
769 1821 900 1907 plebem
928 1821 1102 1906 plurimum

122 1925 241 2008 valeat,
266 1927 321 2012 qui
344 1928 495 2011 privatim
523 1926 597 2012 plus
627 1927 754 2010 possint
783 1947 880 2010 quam
909 1926 973 2011 ipsi
1000 1927 1103 2008 magi-

102 2038 257 2094 sstratus.
281 2029 353 2093 Hos
370 2030 527 2094 seditiosa
543 2039 640 2114 atque
663 2028 814 2114 improba
833 2029 980 2092 oratione
995 2027 1100 2092 multi-

102 2133 270 2198 studinem
295 2133 475 2212 deterrere,
510 2155 552 2198 ne
574 2133 770 2198 frumentum
794 2132 982 2213 conferant3
1013 2132 1103 2217 quod

124 2246 293 2321 praestare
317 2237 450 2320 debeat,
480 2240 507 2302 si
535 2239 601 2302 iam
624 2239 846 2323 principatum
870 2235 998 2300 Galliae
1022 2233 1104 2300 obti-

123 2362 198 2405 nere
211 2362 277 2405 non
289 2343 426 2428 possint,
437 2340 608 2407 Gallorum
624 2363 721 2426 quam
729 2341 952 2405 Romanorum
965 2340 1104 2425 imperia

100 2444 283 2528 sperferre3
306 2467 411 2532 neque
435 2445 584 2510 dubitare
608 2444 760 2525 debeant,
783 2445 870 2529 quin,
889 2444 916 2506 si
931 2442 1102 2506 Helvetios

124 2551 352 2632 superaverint
367 2549 517 2629 Romani,
535 2571 600 2613 una
622 2571 695 2613 cum
713 2547 838 2633 reliqua
855 2545 965 2611 Gallia
979 2544 1102 2609 Aeduis

100 2650 305 2716 ⁵libertatem
328 2653 394 2716 sint
416 2652 567 2737 erepturi.
605 2650 657 2716 Ab
681 2650 804 2714 eisdem
826 2659 941 2714 nostra
964 2647 1102 2712 consilia

122 2776 270 2840 quaeque
293 2756 327 2818 in
350 2757 468 2819 eastris
491 2762 646 2838 gerantur
668 2751 817 2818 hostibus
841 2753 1018 2817 enuntiari:
1041 2750 1102 2816 hos

100 2874 142 2921 ta
166 2881 201 2923 se
223 2861 367 2924 coerceri
392 2881 457 2923 non
480 2880 589 2944 posse.
636 2856 854 2937 Quinetiam,
880 2855 968 2942 quod
992 2877 1104 2919 neces·

123 2962 210 3025 saria
231 2984 267 3025 re
289 2970 425 3026 coactus
442 2962 577 3027 Caesari
602 2960 785 3037 enuntiarit,
803 2958 993 3043 intellegere
1017 2980 1100 3041 sese,

122 3073 244 3149 quanto
268 3065 302 3129 id
325 3086 399 3129 cum
415 3063 560 3150 periculo
583 3063 709 3146 fecerit,
734 3072 767 3126 et
790 3062 832 3126 ob
856 3083 929 3126 sam
952 3082 1101 3144 oausam,

122 3188 221 3251 quam
245 3166 301 3231 diu
324 3169 477 3252 potuerit,
501 3167 655 3231 tacuisse.

210 3269 260 3335 18.
291 3268 416 3334 Caesar
448 3268 511 3334 hac
547 3270 695 3334 oratione
734 3268 824 3331 Lisci
854 3269 1102 3352 Dumnorigem,

123 3371 280 3437 Divitiaci
304 3374 455 3449 fratrem,
491 3373 656 3456 designari
693 3370 872 3453 sentiebat,
904 3370 978 3448 sed,
1015 3371 1104 3456 quod

122 3473 269 3559 pluribus
292 3475 520 3561 praesentibus
545 3498 601 3539 eas
624 3498 676 3539 res
700 3476 816 3539 iactari
840 3472 988 3557 nolebat,
1020 3474 1103 3538 cele·

100 3581 201 3644 ariter
224 3580 399 3645 concilium
423 3580 566 3663 dimittit,
591 3579 725 3644 Liscum
747 3581 877 3642 retinet.
902 3577 1038 3658 Quaerit
1061 3600 1104 3642 ex
