2430 4028
351 247 462 297 maim
481 247 539 309 vn,
560 245 637 296 cnr.
656 245 765 296 ‘rr-u.
986 243 1048 307 217

63 439 96 503 vi
121 439 232 503 facere
255 437 471 504 conabantur.
507 436 616 518 Quare
640 436 788 502 adhaec
811 459 923 501 rursus
947 458 1072 521 operae

65 541 256 607 addendum
274 540 399 605 Caesar
416 542 551 624 putavit,
576 562 639 623 quo
664 541 788 604 minore
812 560 946 603 numero
970 538 1052 603 mili-

65 655 136 710 tum
158 645 357 709 munitiones
381 643 511 706 defendi
535 652 679 727 possent.
711 643 827 727 Itaque
857 643 979 707 truncis
1003 666 1052 706 ar·

64 747 184 813 borum
208 747 385 812 admodum
408 747 508 809 firmis
534 748 633 809 ramis
657 746 795 809 abscisis
813 755 911 830 atque
935 746 1050 811 borum

66 851 239 917 delibratis
252 874 291 915 ao
304 852 493 935 praeacutis
506 848 731 912 cacuminibus
749 859 925 933 perpetuae
940 851 1051 914 fossae

66 957 187 1040 quinos
222 956 322 1039 pedes
351 953 438 1017 altae
469 952 682 1016 ducebantur.
729 953 803 1015 Huc
838 951 884 1016 illi
921 954 1073 1036 stipitess

65 1058 202 1123 demissi
225 1066 257 1121 et
280 1055 323 1120 ab
347 1056 458 1120 infimo
476 1058 623 1134 revincti,
648 1078 688 1119 ne
704 1054 815 1118 revelli
839 1065 984 1140 possent,
1007 1056 1050 1121 ab

67 1164 172 1228 ramis
196 1160 396 1237 eminebant
426 1159 526 1240 Quini
550 1168 643 1223 erant
667 1159 796 1223 ordines
820 1161 985 1223 coniuncti
1008 1160 1074 1225 ina

68 1276 121 1330 ter
145 1288 181 1330 se
204 1273 303 1350 atque
327 1263 502 1348 implicati,
527 1285 590 1347 quo
616 1264 669 1347 qui
693 1263 904 1344 intraverant,
931 1265 1062 1346 seipsi

66 1370 268 1436 acutissimis
282 1368 379 1432 vallis
393 1367 580 1432 induebant.
606 1366 675 1430 Hos
695 1369 810 1450 cippos
828 1365 1048 1450 appellabant.

67 1473 158 1540 Ante
182 1494 265 1558 quos
290 1472 430 1556 obliquis
456 1471 624 1536 ordinibus
648 1473 681 1533 in
703 1471 917 1555 quincuncem
942 1470 1075 1554 dispo-5

66 1579 139 1643 sitis
171 1575 307 1640 scrobes
330 1585 395 1638 tres
419 1577 452 1638 in
481 1575 688 1639 altitudinem
719 1573 819 1657 pedes
843 1572 1052 1638 fodiebantur

68 1679 234 1767 paulatim
252 1680 439 1762 angustiore
457 1679 498 1742 ad
515 1678 660 1741 infimum
677 1679 819 1759 fastigio.
843 1677 917 1740 Huc
934 1686 1076 1741 teretese

71 1785 202 1869 stipites
225 1783 355 1847 feminis
372 1781 589 1845 crassitudine
613 1781 655 1845 ab
680 1803 806 1845 summo
831 1782 998 1864 praeacuti
1022 1791 1054 1844 et

67 1888 217 1972 praeusti
247 1883 518 1967 demittebantur,
551 1887 597 1947 ita
626 1895 749 1948 utnon
777 1882 917 1967 amplius
942 1883 1053 1967 digitis

69 1997 228 2075 quattuor
252 2012 292 2053 ex
317 1998 405 2052 terra
430 1991 623 2070 eminerent3
655 1987 751 2050 simul
782 1986 998 2052 confirmandi
1023 1996 1076 2049 etr

69 2089 260 2157 stabiliendi
285 2112 387 2154 causa
412 2090 530 2173 singuli
548 2089 590 2154 ab
610 2090 721 2154 infimo
747 2089 817 2154 solo
841 2089 942 2174 pedes
966 2100 1054 2154 terra

69 2192 349 2274 exculcabantur,
373 2193 498 2277 reliqua
521 2215 597 2277 pars
623 2193 748 2258 scrobis
773 2193 816 2257 ad
840 2192 1053 2257 occultandas

71 2297 215 2363 insidias
238 2295 414 2361 viminibus
444 2319 484 2359 ac
506 2296 657 2379 virgultis
684 2296 898 2379 integebatur.
947 2297 1076 2359 Huiuss

72 2403 204 2486 generis
235 2400 344 2464 octoni
373 2400 504 2463 ordines
535 2399 622 2462 ducti
648 2409 757 2462 ternos
788 2401 872 2462 inter
896 2422 930 2462 se
954 2399 1053 2481 pedes

74 2503 256 2571 distabant.
290 2503 329 2567 Id
357 2526 399 2567 ex
428 2501 639 2566 similitudine
668 2501 758 2564 floris
781 2502 882 2565 lilium
910 2500 1056 2586 appella-

71 2610 166 2674 bant.
191 2605 279 2671 Ante
302 2605 384 2670 haec
408 2605 515 2669 taleae
538 2605 656 2689 pedem
678 2604 796 2688 longae
812 2605 925 2669 ferreis
948 2604 1077 2667 hamiso

70 2710 185 2778 infixis
209 2718 298 2775 totae
321 2710 354 2772 in
371 2717 490 2773 terram
507 2706 752 2772 infodiebantur·
771 2707 1054 2791 mediocribusque

70 2815 269 2880 intermissis
286 2814 400 2896 spatiis
418 2810 569 2875 omnibus
585 2811 667 2874 locis
687 2810 947 2890 disserebantur;
973 2833 1054 2896 quos

71 2917 227 2985 stimulos
250 2914 472 2980 nominabant.

162 3019 212 3082 74.
236 3019 298 3084 His
321 3019 418 3083 rebus
443 3019 596 3103 perfectis
626 3020 776 3101 regiones
801 2999 931 3082 secutus
956 3041 1054 3102 quam

72 3125 184 3212 potuit
213 3122 427 3208 aequissimas
457 3145 515 3206 pro
547 3121 610 3185 loci
641 3131 758 3186 natura
793 3121 1056 3206 quattuordecim

72 3227 166 3292 milia
199 3247 358 3311 passuum
392 3225 586 3311 complexus
620 3247 718 3310 pares
752 3224 897 3288 eiusdem
927 3227 1055 3307 generis

72 3331 283 3407 munitiones,
300 3329 447 3394 diversas
461 3329 503 3393 ab
517 3329 576 3406 his,
595 3337 710 3394 contra
723 3329 915 3393 exteriorem
928 3327 1056 3390 hostem

73 3433 224 3520 perfecit,
247 3441 284 3498 ut
305 3455 346 3496 ne
361 3455 482 3517 magna
507 3433 638 3516 quidem
653 3433 869 3511 multitudine,
894 3431 921 3492 si
944 3432 989 3494 ita
1006 3453 1057 3493 ae-

75 3538 182 3616 cidat,
215 3537 363 3602 discessu
393 3537 609 3601 munitionum
643 3535 807 3620 praesidia
841 3534 1056 3598 circumfundi
