2430 4028
129 257 186 320 196
431 256 480 306 DE
499 256 620 306 BELLO
640 255 799 307 Gnnnrco

124 443 247 511 Caesar
270 445 311 511 ab
331 447 499 512 Divitiaoo
524 446 584 511 sibi
610 447 764 513 traditum
781 471 823 514 ex
839 448 954 515 humili
969 446 1045 514 loco
1062 449 1104 514 ad

125 573 284 615 summam
308 552 501 636 dignitatem
518 551 727 634 perduxerat,
750 555 782 617 in
806 555 950 639 equitum
967 574 1104 618 numero

102 665 348 720 econvenerant
362 656 553 719 nominatim
571 653 613 718 ab
630 676 669 718 eo
686 656 825 718 evocati.
849 655 911 721 His
934 665 1006 720 erat
1021 657 1105 720 inter

125 781 160 822 se
184 756 223 820 de
246 759 434 843 principatu
457 760 633 834 contentio,
658 768 690 822 et
716 759 749 822 in
772 758 830 823 illa
852 761 1106 842 magistratuum

124 864 346 926 controversia
369 861 453 926 alter
468 884 527 946 pro
543 859 809 945 Convictolitavi,
834 863 918 928 alter
938 885 999 949 pro
1020 862 1104 928 Coto

100 968 258 1031 asummis
294 965 410 1051 opibus
445 976 681 1050 pugnaverant.
727 967 781 1030 Ex
814 966 864 1031 his
895 966 1105 1050 Eporedorix

123 1073 254 1154 cognito
279 1071 440 1134 Litavicci
463 1070 601 1134 consilio
625 1069 733 1134 media
756 1071 824 1135 fere
847 1082 945 1136 nocte
967 1093 1038 1136 rem
1062 1071 1104 1134 ad

124 1175 300 1240 Caesarem
323 1172 444 1254 defert3
469 1182 551 1254 orat,
576 1196 617 1237 ne
635 1175 779 1256 patiatur
800 1176 968 1238 civitatem
990 1176 1104 1259 pravis

113 1277 380 1342 ‘adulescentium
413 1276 557 1340 consiliis
587 1276 629 1340 ab
659 1277 804 1341 amicitia
827 1276 941 1362 populi
965 1278 1105 1341 Romani

124 1382 278 1462 delicere3
303 1382 389 1467 quod
412 1381 557 1445 futurum
573 1381 753 1465 provideat,
778 1383 806 1446 si
822 1403 857 1445 se
872 1392 921 1446 tot
934 1380 1104 1446 hominum

123 1483 214 1548 inilia
241 1506 315 1547 cum
344 1483 494 1548 hostibus
523 1485 767 1566 coniunxerint,
800 1506 937 1570 quorum
965 1483 1105 1549 salutem

123 1610 228 1673 noque
257 1588 431 1672 propinqui
456 1587 643 1671 neglegere,
675 1609 779 1673 neque
806 1589 925 1653 civitas
948 1588 1014 1654 levi
1038 1611 1103 1652 mo·

123 1702 233 1756 mento
257 1695 430 1756 aestimare
455 1702 575 1778 posset.

210 1792 261 1866 40.
276 1794 1102 1878 MagnaaffectussollicitudinehocnuntioGuesan
1136 1796 1142 1804 ’

124 1898 211 1985 quod
231 1920 358 1983 semper
371 1898 561 1963 Aeduorum
579 1902 706 1965 civitati
721 1902 895 1986 praecipue
908 1900 1101 1983 indulserat,

124 2001 213 2067 nulla
230 2003 422 2086 interposita
438 2001 641 2067 dubitatione
657 2002 804 2085 legiones
821 2003 996 2088 expeditas
1012 2015 1103 2088 quat·

101 2116 200 2169 2tuor
215 2107 461 2189 equitatumque
478 2128 606 2170 omnem
622 2129 663 2170 ex
681 2108 798 2170 castris
822 2106 942 2189 educit,
965 2130 1030 2171 nec
1047 2110 1105 2172 fuit

125 2211 265 2292 spatium
294 2207 352 2272 tali
382 2217 528 2293 tempore
551 2209 594 2272 ad
617 2209 841 2274 contrahenda
864 2219 991 2294 castra,
1018 2211 1105 2296 quod

102 2333 176 2376 eres
200 2314 308 2397 posita
339 2315 371 2376 in
400 2312 565 2375 celeritate
599 2312 787 2389 videbatur3
816 2311 937 2378 Gaium
964 2313 1104 2380 Fabium

125 2417 269 2500 legatum
304 2439 376 2479 eum
408 2415 591 2501 legionibus
626 2416 753 2481 duabus
787 2420 903 2482 castris
937 2418 1104 2503 praesidio

125 2520 284 2604 relinquit.
332 2520 463 2584 Fratres
487 2519 648 2585 Litavicci
682 2543 756 2585 curn
785 2520 1020 2606 comprehendi
1043 2523 1105 2586 ius·

102 2627 231 2705 tsisset,
245 2623 341 2710 paulo
366 2632 441 2686 ante
463 2627 609 2707 repperit
631 2622 672 2688 ad
687 2623 799 2688 hostes
821 2624 958 2708 fugisse.
976 2622 1104 2689 Adhor-

124 2738 211 2792 tatus
234 2727 373 2808 milites,
397 2749 438 2790 ne
461 2729 649 2791 necessario
673 2737 820 2814 tempore
843 2728 969 2792 itineris
993 2727 1106 2793 labore

126 2841 387 2916 permoveantur,
404 2831 626 2914 cupidissimis
644 2830 793 2896 omnibus
805 2853 1002 2916 progressus
1017 2832 1106 2897 milia

125 2958 280 3020 passuum
297 2953 368 2997 xxv
393 2957 508 3018 agmen
529 2935 717 2999 Aeduorum
733 2936 944 3020 conspicatus
959 2937 1105 3001 immisso

127 3040 273 3123 equitatu
297 3040 358 3101 iter
388 3060 499 3102 eorum
523 3047 670 3101 moratur
692 3047 791 3122 atque
812 3037 952 3122 impedit
973 3039 1107 3104 interdi-

103 3145 234 3228 scitque
258 3140 426 3219 omnibus,
451 3165 492 3205 ne
516 3163 711 3227 quemquam
735 3141 943 3206 interficiant.
985 3143 1106 3229 Epore

128 3247 275 3329 dorigem
292 3256 323 3309 et
339 3245 592 3325 Viridomarum,
616 3267 698 3328 quos
720 3245 765 3308 illi
782 3244 972 3310 interlectos
996 3247 1106 3312 existi·

126 3348 271 3431 mebant,
288 3351 372 3412 inter
387 3350 514 3432 equites
528 3351 651 3412 versari
666 3370 807 3433 suosque
820 3346 989 3433 appellare
1005 3346 1106 3414 iubet.

104 3452 188 3515 cHis
222 3454 363 3537 cognitis
397 3461 429 3515 et
458 3452 620 3516 Litavicci
652 3452 768 3517 fraude
796 3460 973 3537 perspecta
999 3450 1105 3517 Aedui

127 3577 242 3619 manus
271 3555 404 3619 tendere
436 3554 646 3637 [deditionem
669 3553 866 3638 significare]
895 3563 927 3620 et
948 3556 1106 3641 proiectis
