2430 4028
389 275 499 325 aranu
518 272 576 339 vn,
598 273 675 325 aar.
694 277 805 327 39-42.
1024 275 1083 339 197

107 468 208 529 armis
231 475 369 529 mortem
394 466 563 549 deprecari
587 467 756 550 incipiunt.
795 466 986 530 Litaviccus
1009 488 1083 530 cum

103 573 171 634 suis
185 568 368 649 clientibus,
386 567 503 655 quibus
518 591 607 634 more
625 567 794 634 Gallorum
811 569 904 634 nefas
920 577 970 633 est
986 571 1084 634 etiam

102 675 136 737 in
166 682 315 737 extrema
343 673 475 738 fortuna
506 673 656 738 deserere
686 683 860 758 patronos,
886 673 1083 755 Gergoviam

105 777 264 861 profugit.
331 835 334 841 .
1054 784 1057 788 '

189 878 240 941 41.
256 877 381 944 Caesar
393 881 517 944 nuntiis
529 880 572 944 ad
585 882 752 945 civitatem
761 879 950 945 Aeduorum
965 881 1084 961 missis,

103 983 158 1067 qui
176 1004 234 1046 suo
248 981 409 1047 beneficio
423 992 635 1047 conservatos
648 983 813 1063 docerent,
831 1004 912 1067 quos
925 985 994 1048 iure
1006 982 1083 1047 belli

103 1085 289 1149 interficere
319 1088 495 1170 potuisset,
526 1086 693 1170 tribusque
717 1087 806 1150 horis
836 1085 965 1169 [noctis]
995 1109 1086 1151 exer·

102 1189 182 1251 citui
208 1187 250 1251 ad
276 1191 418 1272 quietem
442 1190 529 1253 datis
552 1200 662 1254 castra
686 1188 729 1252 ad
749 1188 948 1273 Gergoviam
971 1191 1084 1258 movit.

102 1290 214 1356 Medio
238 1291 305 1356 lere
328 1294 444 1356 itinere
461 1295 585 1378 equites
603 1316 622 1356 a
639 1293 743 1355 Fabio
761 1294 862 1374 missi,
889 1301 1010 1377 quanto
1034 1316 1108 1357 resa

101 1395 135 1459 in
160 1395 306 1479 periculo
330 1397 438 1478 fuerit,
464 1405 643 1480 exponunt.
680 1394 824 1460 Summis
847 1398 951 1480 copiis
975 1405 1087 1461 castra

104 1507 298 1583 oppugnata
317 1499 553 1577 demonstrant,
579 1522 649 1562 oum
669 1499 783 1563 crebro
807 1501 925 1583 integri
949 1499 1086 1565 defessis

66 1600 71 1608 ’
105 1601 322 1666 succederent
345 1613 541 1687 nostrosque
561 1603 695 1667 assiduo
720 1601 834 1667 labore
858 1602 1085 1687 defatigarent,

103 1703 225 1791 quibus
256 1715 391 1792 propter
424 1706 681 1789 magnitudinem
711 1716 893 1770 castrorum
928 1718 1085 1792 perpetuo

104 1817 193 1872 esset
205 1808 322 1873 iisdem
336 1811 368 1873 in
381 1809 467 1873 vallo
481 1809 747 1893 permanendum.
764 1809 974 1875 Multitudine
989 1814 1108 1893 sagit-a

103 1921 214 1976 tarum
227 1920 325 1996 atquc
340 1915 445 1977 omnis
458 1914 586 1995 generis
599 1912 735 1976 telorum
748 1911 869 1977 multos
881 1913 1086 1995 vulneratos3

102 2015 145 2079 ad
171 2014 253 2078 haec
278 2015 468 2079 sustinenda
484 2038 602 2099 magno
620 2019 692 2080 usui
708 2018 809 2081 fuisse
830 2025 1003 2080 tormenta.
1026 2017 1110 2080 Far

103 2118 193 2183 bium
219 2117 366 2184 discessu
391 2142 502 2184 eorum
520 2119 648 2184 duabus
663 2121 786 2186 relictis
799 2122 902 2205 portis
919 2120 1087 2185 obstruere

103 2234 234 2288 ceteras
257 2224 453 2310 pluteosque
484 2222 569 2288 vallo
600 2224 721 2289 addere
745 2236 834 2289 etse
859 2228 893 2289 in
920 2244 1086 2309 posterum

103 2326 191 2391 diem
209 2326 411 2413 similemque
427 2349 541 2392 casum
558 2349 730 2412 apparare.
754 2328 815 2392 His
832 2327 929 2393 rebus
946 2328 1109 2411 cognitisa

103 2428 232 2495 Caesar
261 2452 386 2495 summo
416 2431 524 2496 studio
554 2431 689 2496 militum
716 2441 791 2494 ante
822 2441 928 2495 ortum
953 2429 1030 2495 solis
1055 2432 1086 2494 in

103 2543 218 2599 castra
241 2536 399 2618 pervenit.

191 2634 244 2698 42.
269 2635 356 2702 Dum
386 2637 468 2702 haec
492 2637 536 2703 ad
560 2637 762 2722 Gergoviam
792 2646 957 2720 geruntur,
982 2636 1088 2700 Aedui

104 2743 221 2826 primis
245 2743 366 2807 nuntiis
390 2741 431 2806 ab
449 2743 622 2806 Litavicco
641 2743 786 2825 acceptis
810 2740 935 2804 nullum
959 2738 1021 2803 sibi
1046 2740 1087 2804 ad

106 2845 377 2930 cognoscendum
408 2847 549 2929 spatium
585 2845 781 2930 relinquunt.
828 2843 970 2930 lmpellit
1005 2843 1110 2906 aliosa

104 2949 257 3028 avaritia,
282 2948 365 3014 alios
387 2948 558 3013 iracundia
581 2959 613 3012 et
635 2950 812 3024 temeritas,
836 2970 921 3032 quae
944 2946 1088 3011 maxime

103 3051 151 3117 illi
173 3052 342 3118 hominum
365 3054 475 3137 generi
492 3061 542 3116 est
557 3054 678 3135 innata,
704 3061 739 3115 ut
763 3051 869 3115 levem
887 3050 1088 3115 auditionem

104 3155 253 3220 habeant
275 3178 334 3241 pro
358 3179 393 3220 re
416 3163 594 3240 comperta.
619 3156 714 3219 Bona
730 3155 848 3218 civium
864 3153 1109 3216 Romanorumn

105 3260 282 3344 diripiunt,
306 3258 423 3324 caedes
446 3259 587 3338 faciunt,
614 3260 648 3322 in
672 3260 859 3322 servitutem
883 3256 1087 3320 abstrahunt.

106 3363 255 3428 Adiuvat
277 3386 344 3428 rem
367 3362 587 3448 proclinatam
600 3361 871 3428 Convictolitavis
895 3359 1109 3445 plebemquer

105 3467 148 3531 ad
171 3465 316 3532 furorem
338 3464 485 3551 impellit,
508 3476 544 3531 ut
567 3466 714 3530 facinore
730 3463 874 3530 admisso
900 3462 942 3526 ad
966 3463 1087 3527 sanita·

103 3579 172 3635 tem
206 3570 326 3634 reverti
360 3568 490 3654 pudeat.
537 3568 686 3633 Marcum
716 3567 886 3648 Aristium,
922 3565 1110 3632 tribunumn
