2430 4028
125 270 185 335 188
425 270 475 319 nn
494 269 614 320 nunno
634 267 793 321 osnmoo

123 460 226 526 imbre
262 480 326 524 non
357 459 505 525 inutilem
528 459 614 523 hanc
644 460 687 526 ad
709 459 907 545 capiendum
934 459 1108 525 consilium

123 573 350 650 tempestatem
387 564 567 629 arbitratus
602 571 663 646 est,
688 563 777 650 quod
807 562 906 649 paulo
939 565 1106 630 incautius

124 668 291 734 custodias
314 670 348 733 in
371 690 465 732 muro
496 667 675 754 dispositas
705 666 848 745 videbat,
873 688 1019 753 suosque
1044 667 1109 732 lan·

123 771 252 855 guidius
276 774 307 836 in
332 793 430 856 opere
454 774 579 836 versari
612 771 708 835 iussit
730 781 771 852 et,
795 770 874 856 quid
902 769 975 835 fieri
997 770 1107 852 vellet,

102 877 276 941 aescendit.
300 875 569 961 Legionibusque
592 878 678 940 intra
694 878 809 940 vineas
839 872 1028 939 inocculto
1054 897 1108 938 cx·

122 979 240 1065 peditis
264 978 465 1058 cohortatus,
481 988 518 1044 ut
542 977 720 1065 aliquando
738 1000 797 1064 pro
814 977 916 1043 tantis
937 976 1109 1043 laboribus

123 1085 264 1147 fructum
287 1084 446 1148 victoriae
471 1083 687 1167 perciperent,
711 1084 762 1165 iis,
782 1083 836 1168 qui
859 1083 958 1168 primi
981 1102 1108 1145 murum

122 1186 358 1262 ascendissent,
375 1187 522 1270 praemia
537 1187 711 1270 proposuit
729 1183 956 1270 militibusque
980 1184 1108 1269 signum

101 1289 222 1352 adedit.
253 1287 305 1352 llli
335 1288 443 1353 subito
474 1312 515 1352 ex
540 1287 691 1353 omnibus
715 1287 865 1374 partibus
895 1287 1110 1353 evolaverunt

123 1414 314 1477 murumque
337 1390 487 1456 celeriter
509 1391 769 1477 compleverunt.

210 1495 263 1560 28.
287 1497 410 1558 Hostes
434 1519 469 1559 re
493 1518 581 1560 nova
596 1497 762 1581 perterriti
784 1517 877 1560 muro
901 1493 1109 1581 turribusque

124 1599 241 1664 deiecti
264 1602 299 1663 in
323 1599 394 1662 foro
419 1621 458 1662 ac
481 1599 564 1663 locis
581 1598 821 1684 patentioribus
844 1599 1013 1663 cuneatim
1036 1620 1108 1662 con·

124 1704 284 1785 stiterunt,
319 1703 381 1766 hoc
416 1705 541 1784 animo,
579 1711 623 1784 ut,
655 1705 681 1766 si
705 1724 770 1787 qua
793 1710 953 1788 exparte
977 1698 1110 1766 obviam

103 1803 267 1891 sponna]
291 1807 467 1887 veniretur,
491 1809 562 1870 acie
585 1809 745 1871 instructa
768 1805 1007 1892 depugnarent.
1047 1803 1109 1870 Ubi

125 1912 286 1974 neminem
309 1910 341 1973 in
365 1931 506 1994 aequum
528 1909 635 1974 locum
662 1931 733 1973 sese
756 1908 934 1990 demittere,
958 1907 1018 1973 sed
1040 1917 1108 1974 toto

125 2012 268 2098 undique
291 2035 385 2077 muro
409 2013 628 2078 circumfundi
658 2012 819 2095 viderunt,
841 2011 949 2093 veriti,
979 2034 1022 2076 ne
1045 2034 1110 2076 om·

125 2118 201 2180 nino
233 2139 309 2202 spes
338 2117 437 2200 fugae
468 2117 655 2199 tolleretur,
692 2115 829 2181 abiectis
852 2116 954 2179 armis
977 2115 1110 2181 ultimas

125 2219 236 2304 oppidi
261 2228 373 2305 partes
397 2221 578 2285 continenti
602 2223 726 2305 impetu
745 2221 941 2304 petiverunt,
965 2239 1108 2305 parsque

102 2322 179 2405 sibi,
204 2345 278 2387 cum
302 2330 443 2406 angusto
469 2323 560 2387 exitu
584 2331 751 2407 portarum
776 2344 811 2386 se
834 2322 896 2406 ipsi
913 2330 1109 2406 premerent,

126 2450 146 2490 a
168 2425 345 2507 militibus,
380 2449 457 2510 pars
487 2430 552 2491 iam
581 2448 715 2510 egressa
739 2427 842 2510 portis
872 2425 916 2490 ab
946 2424 1110 2512 equitibus

129 2539 180 2594 est
202 2530 385 2594 interfecta.
411 2530 480 2594 Nec
503 2529 565 2594 fuit
588 2531 771 2615 quisquam,
801 2531 856 2614 qui
879 2528 1025 2615 praedae
1048 2538 1110 2592 stu·

103 2634 228 2698 aderet.
253 2633 308 2698 Sic
332 2641 364 2696 et
385 2632 514 2697 Genabi
539 2631 641 2696 caede
664 2641 697 2696 et
719 2631 833 2696 labore
852 2632 963 2716 operis
985 2631 1110 2696 incitati

126 2759 191 2802 non
215 2744 323 2801 aetate
348 2737 519 2814 confectis,
542 2758 606 2800 non
624 2735 824 2815 mulieribus,
841 2757 907 2800 non
929 2734 1110 2801 infantibus

103 2847 351 2926 spepercerunt.
390 2839 542 2923 Denique
577 2861 619 2902 ex
656 2838 743 2903 omni
774 2859 927 2918 numero,
960 2840 1018 2923 qui
1049 2836 1111 2903 frit

125 2944 253 3007 circiter
276 2941 401 3007 milium
424 2959 483 3023 xn,
517 2943 574 3004 vix
598 2957 705 3018 noco,
741 2942 795 3025 qui
823 2942 930 3026 primo
965 2939 1109 3007 clamore

126 3045 236 3110 audito
273 3069 307 3109 se
330 3069 373 3109 ex
397 3044 519 3130 oppido
545 3045 727 3126 eiecerunt,
761 3043 943 3108 incolumes
966 3043 1012 3109 ad
1033 3043 1111 3109 Ver·

104 3149 362 3233 scingetorigem
378 3158 604 3233 pervenerunt.
629 3147 721 3229 Quos
738 3147 793 3212 ille
808 3146 912 3212 multa
933 3149 1004 3213 iam
1017 3154 1111 3213 nucu

126 3252 255 3318 silentio
290 3276 331 3317 ex
354 3253 433 3336 fuga
455 3254 588 3338 excepit
610 3253 749 3324 veritus,
774 3273 815 3315 ne
838 3271 904 3335 qua
936 3251 972 3315 in
996 3252 1111 3317 carui·

126 3379 167 3420 ex
197 3379 308 3421 eorum
342 3377 505 3421 concursu
539 3364 571 3419 et
604 3353 831 3419 misericordia
864 3352 955 3439 vulgi
994 3352 1110 3421 seditio

127 3468 289 3541 oreretur,
322 3470 359 3524 ut
393 3457 508 3544 procul
543 3459 577 3522 in
610 3459 665 3522 via
694 3455 867 3541 dispositis
893 3454 1111 3523 familiaribus

126 3564 193 3627 suis
215 3560 483 3648 principibusque
506 3562 676 3626 civitatum
702 3557 923 3643 disparandos
948 3558 1110 3626 deducen-
