2430 4028
404 234 516 286 LIBER
532 234 568 298 11,
588 234 665 287 OAP.
685 235 793 286 14-17.
1045 237 1084 302 51

104 446 174 489 non
194 425 333 510 amplius
349 426 440 491 milia
451 449 608 513 passuum
622 445 645 491 x
658 426 793 493 abesse:
809 436 901 494 trans
917 427 952 493 id
966 428 1110 493 flumena

106 550 223 594 omnes
244 528 384 595 Nervios
414 530 603 597 consedisse
631 530 872 616 adventumque
902 530 946 596 ibi
969 531 1088 597 Roma-

105 654 227 698 norum
250 641 446 718 exspectare
469 657 535 700 una
564 657 640 700 cum
664 632 832 701 Atrebatis
855 644 887 701 et
907 636 1087 701 Veroman·

105 735 199 818 duis,
223 735 367 802 finitimis
391 739 459 802 suis
487 738 576 815 (nam
599 736 648 803 his
672 739 818 822 utrisque
844 749 1087 823 persuaserant,

106 838 158 903 uti
182 838 319 905 eandem
335 839 412 906 belli
435 841 602 906 fortunam
618 841 876 927 experirentur);
899 846 1110 930 exspectaris

102 944 207 1007 etiam
231 942 273 1007 ab
298 942 347 1009 his
363 943 614 1010 Aduatucorum
637 947 751 1031 copias
777 954 875 1032 atque
897 969 969 1012 esse
984 949 1017 1011 in
1039 950 1089 1013 iti-

100 1064 201 1126 nere;
218 1047 370 1114 mulieres
383 1049 502 1134 quique
515 1071 574 1135 per
589 1056 732 1114 aetatem
744 1048 788 1114 ad
799 1070 945 1135 pugnam
956 1050 1109 1116 inutilesr

99 1148 294 1216 viderentur
322 1152 355 1216 in
386 1174 459 1217 eum
490 1151 601 1216 locum
628 1153 826 1234 coniecisse,
863 1174 926 1238 quo
954 1163 1088 1239 propter

100 1251 245 1337 paludes
268 1256 428 1320 exercitui
452 1254 561 1320 aditus
584 1277 650 1319 non
680 1265 775 1320 esset.

193 1355 243 1420 17.
268 1357 330 1423 His
345 1357 443 1423 rebus
467 1360 607 1441 cognitis
624 1357 850 1444 exploratores
866 1363 1086 1426 centuriones·

101 1481 168 1545 que
191 1462 383 1546 praemittit,
407 1463 461 1547 qui
484 1462 595 1527 locum
617 1461 774 1526 idoneum
794 1464 910 1527 castris
929 1463 1085 1547 deligant.

102 1564 190 1631 Cum
217 1589 259 1631 ex
295 1564 457 1630 dediticiis
485 1563 596 1649 Belgis
631 1563 830 1650 reliquisque
860 1564 965 1631 Gallis
1000 1589 1109 1636 com-s

100 1669 214 1756 plures
238 1654 416 1735 Gaesarem
445 1669 549 1734 secuti
581 1691 653 1753 una⁴
674 1669 735 1733 iter
758 1669 922 1752 facerent,
953 1671 1087 1756 quidam

100 1798 146 1839 ex
168 1773 238 1851 his,
262 1782 299 1838 ut
321 1782 439 1858 postea
461 1794 502 1837 ex
528 1773 669 1855 captivis
694 1773 861 1855 cognitum
885 1783 949 1850 est,
973 1796 1086 1839 eorum

101 1878 234 1943 dierum
264 1876 500 1941 consuetudine
530 1876 655 1940 itineris
691 1879 795 1941 nostri
825 1878 987 1942 exercitus
1015 1900 1086 1962 per-

102 1988 231 2067 specta,
240 1989 338 2045 nocte
351 1977 540 2044 adNervios
552 1988 770 2064 pervenerunt
785 1988 883 2064 atque
894 1978 944 2046 his
958 1980 1088 2046 demon-

103 2092 271 2165 strarunt,
310 2085 396 2148 inter
427 2080 572 2165 singulas
601 2080 747 2165 legiones
777 2081 1085 2166 impedimentorum

99 2209 262 2273 magnum
276 2208 448 2251 numerum
463 2184 676 2261 intercedere,
699 2206 804 2269 neque
820 2206 892 2250 esse
910 2189 1086 2273 quiequam

99 2291 243 2377 negotii,
279 2311 354 2355 cnm
383 2290 488 2374 prima
517 2288 602 2372 legio
626 2291 659 2352 in
683 2297 794 2354 castra
816 2291 975 2367 venisset,
1010 2289 1084 2356 reli-

100 2417 253 2482 quaeque
283 2393 427 2478 legiones
450 2414 608 2477 magnum
631 2396 774 2478 spatium
801 2391 969 2475 abessent,
999 2392 1085 2459 hanc

101 2498 163 2564 sub
200 2497 338 2564 sarcinis
374 2494 515 2577 adoriri3
550 2517 614 2580 qua
648 2493 745 2579 pulsa
777 2494 1106 2582 impedimentisquoa

100 2603 241 2689 direptis
264 2599 424 2681 futurum,
448 2608 484 2663 ut
506 2598 652 2684 reliquae
676 2608 792 2663 contra
815 2601 995 2665 consistere
1017 2623 1081 2665 non

100 2706 271 2771 auderent.
317 2700 510 2767 Adiuvabat
537 2704 638 2768 etiam
661 2724 774 2767 eorum
802 2702 993 2786 consilium,
1029 2700 1106 2789 quir

99 2832 170 2874 rem
195 2805 403 2888 deferebant,
434 2806 521 2892 quod
544 2804 657 2870 Nervii
681 2807 871 2890 antiquitus,
897 2827 971 2871 cum
994 2809 1082 2892 equi-

99 2922 174 2978 tatu
198 2910 277 2976 nihil
305 2918 441 2997 possent
470 2909 699 2994 (nequeenim
730 2909 774 2975 ad
801 2907 864 2973 hoo
897 2918 1025 2997 tempus
1053 2911 1083 2976 ei

97 3017 147 3081 rei
164 3014 306 3097 student,
325 3013 393 3090 sed,
410 3012 566 3100 quicquid
582 3022 728 3098 possunt,
747 3011 956 3099 pedestribus
972 3012 1083 3079 valent

98 3121 233 3207 copiis),
256 3141 320 3206 quo
344 3118 475 3184 facilius
490 3117 703 3184 finitimorum
722 3119 913 3204 equitatum,
938 3118 964 3181 si
988 3140 1081 3202 prae-

99 3225 207 3292 dandi
229 3246 331 3290 eausa
354 3223 399 3289 ad
421 3246 478 3289 eos
507 3225 688 3305 venissent,
719 3223 929 3307 impedirent,
961 3222 1079 3287 teneris

100 3325 277 3394 arboribus
310 3327 423 3392 incisis
448 3335 545 3412 atquc
573 3325 704 3392 inflexis
728 3325 917 3412 crebrisque
947 3326 980 3390 in
1009 3325 1083 3391 lati-

98 3431 249 3498 tudinem
269 3432 371 3496 ramis
394 3433 502 3496 enatis
519 3439 551 3495 ct
566 3429 657 3495 rubis
674 3429 885 3515 sentibusque
900 3430 1080 3495 interiectis

99 3535 286 3618 effecerant,
299 3543 337 3600 ut
350 3535 455 3601 instar
470 3535 553 3600 muri
565 3532 627 3600 hae
642 3555 759 3621 saepes
774 3534 976 3599 munimenta
989 3555 1081 3621 prae⁴

637 3653 640 3657 ,
888 3650 927 3704 4„
