2400 4026
124 288 181 353 198
421 290 471 340 DE
491 290 609 341 BELLO
630 290 786 341 GALLICO

119 480 273 562 militum,
303 481 364 544 iter
393 478 436 542 ad
465 479 624 562 legionem
653 479 829 543 facientem
858 477 925 541 fide
956 477 1031 541 data
1051 497 1081 539 ex

120 582 241 669 oppido
260 580 432 647 Cabillono
457 582 615 663 educunt3
638 582 726 648 idem
748 583 858 647 lacere
886 589 1081 665 cogentem,

96 689 173 771 oqui
196 685 384 770 negotiandi
401 708 503 751 cansa
525 685 569 751 ibi
594 688 819 751 constiterant.
848 685 922 749 Hos
942 686 1081 749 continuo

117 791 151 854 in
167 792 282 855 itinere
297 790 403 854 adorti
421 788 571 854 omnibus
588 790 830 874 impedimentis
847 797 991 870 exuunt3
1007 806 1083 872 repu-

119 903 258 978 gnantes
283 894 368 959 diem
393 904 589 980 noctemque
614 893 780 976 obsident3
803 894 916 958 multis
940 895 1085 976 utrimque

118 998 296 1062 interfectis
326 1000 482 1062 maiorem
517 997 759 1062 multitudinem
793 1005 997 1061 armatorum
1025 1016 1084 1058 con-

118 1101 230 1165 citant.

204 1203 256 1268 43.
279 1204 414 1269 Interim
431 1207 544 1270 nuntio
569 1205 684 1289 allato,
709 1227 819 1270 omnes
844 1226 959 1269 eorum
981 1203 1083 1267 milites

117 1309 149 1370 in
167 1316 331 1391 potestate
348 1306 503 1373 Caesaris
518 1312 632 1392 teneri,
658 1316 856 1373 concurrunt
872 1307 917 1372 ad
933 1305 1083 1381 Aristium,

96 1409 197 1475 anihil
233 1409 365 1494 publico
399 1411 524 1476 facturn
554 1412 691 1478 consilio
724 1413 970 1492 denronstrant3
1004 1430 1081 1496 quae·

119 1517 257 1578 ationem
283 1515 443 1579 debonis
467 1513 602 1601 direptis
627 1516 822 1597 decernunt,
848 1516 1016 1581 Litavicci
1036 1513 1084 1576 lra-

117 1626 267 1703 trumque
297 1616 385 1683 bona
408 1617 593 1703 publicant,
624 1621 751 1703 legatos
782 1620 825 1684 ad
849 1610 1027 1685 Caesarem
1046 1616 1084 1680 sui

96 1720 282 1806 spurgandi
313 1722 422 1805 gratia
452 1723 593 1787 mittunt.
639 1723 732 1787 Haec
756 1722 883 1787 faciunt
906 1741 1084 1807 recuperan-

118 1822 233 1887 dorum
264 1845 397 1888 suorum
427 1846 545 1907 causa3
576 1825 632 1889 sed
656 1827 869 1891 contaminati
901 1825 1042 1891 facinore
1061 1829 1085 1883 et

117 1928 205 2010 <rapti
228 1925 421 2010 compendio
447 1951 489 1992 ex
512 1927 646 2013 direptis
669 1927 781 2009 bonis,
807 1928 896 2014 quod
919 1951 960 1994 ea
982 1949 1031 1993 res
1052 1923 1086 1988 ad
1123 1982 1125 1989 .

117 2030 239 2094 multos
264 2030 464 2114 pertinebat,
494 2034 611 2096 timore
640 2054 766 2116 poenae
790 2032 938 2096 exterriti
963 2029 1087 2097 consilio

118 2133 202 2198 clam
232 2134 271 2197 de
304 2132 390 2197 bello
423 2136 504 2199 inire
528 2136 688 2221 incipiunt
717 2135 935 2220 civitatesque
957 2135 1087 2219 reliquas

94 2234 337 2320 elegationibus
354 2236 542 2303 sollicitant.
573 2236 667 2318 Quae
683 2238 814 2302 tametsi
831 2234 958 2302 Caesar
980 2235 1088 2302 intelle-

117 2340 226 2422 gebat,
242 2350 352 2405 tamen
369 2364 466 2427 quam
483 2343 653 2407 mitissime
671 2351 778 2426 potest
793 2340 922 2425 legatos
938 2339 1089 2427 appellat:

117 2441 196 2506 nihil
221 2466 254 2507 se
280 2451 414 2528 propter
430 2446 635 2510 inscientiam
658 2444 891 2529 levitatemque
914 2443 1007 2527 vulgi
1028 2463 1089 2527 gra·

117 2549 189 2611 vius
220 2546 259 2610 de
290 2549 423 2613 civitate
452 2549 599 2614 iudicare
622 2570 728 2634 neque
760 2547 799 2611 de
824 2570 884 2612 sua
907 2549 943 2612 in
968 2546 1090 2613 Aeduos

95 2648 346 2716 ebenevolentia
360 2652 554 2718 deminuere.
572 2653 649 2739 lpse
661 2654 819 2717 maiorem
833 2649 967 2716 Galliae
979 2661 1091 2716 motum

118 2765 333 2842 exspectans,
364 2779 405 2820 ne
427 2755 469 2820 ab
495 2755 644 2821 omnibus
668 2754 858 2821 civitatibus
882 2755 1091 2821 circumsiste-

116 2867 219 2936 retur,
244 2858 383 2924 consilia
408 2858 527 2942 inibat,
559 2859 834 2945 quemadmodum
865 2858 909 2924 ab
934 2857 1092 2943 Gergovia

117 2959 300 3025 discederet
322 2984 362 3026 ac
384 2985 496 3027 rursus
521 2985 649 3028 omnem
673 2963 854 3027 exercitum
879 2961 1090 3039 contraheret,

117 3086 157 3128 ne
173 3065 332 3149 profectio
349 3077 427 3130 nata
443 3066 486 3131 ab
510 3069 625 3132 timore
642 3066 835 3132 defectionis
862 3065 980 3130 similis
1003 3066 1092 3150 fugae

116 3166 291 3233 videretur.

204 3271 256 3335 44.
288 3273 379 3339 Haeo
410 3276 568 3357 cogitanti
601 3272 752 3338 accidere
782 3274 854 3337 visa
885 3281 936 3337 est
961 3272 1092 3339 facultas

117 3372 263 3440 benerei
280 3376 453 3462 gerendae.
481 3376 566 3442 Nam
583 3399 656 3441 cum
673 3377 706 3440 in
722 3378 850 3440 minora
865 3385 977 3441 castra
994 3375 1091 3462 operis

118 3480 336 3566 perspiciendi
353 3503 454 3545 causa
469 3483 622 3564 venisset,
648 3479 880 3546 animadvertit
899 3478 1028 3563 collem,
1045 3477 1090 3564 qui

118 3580 161 3646 ab
176 3581 328 3650 hostibus
344 3584 526 3669 tenebatur,
543 3584 701 3650 nudatum
717 3581 916 3661 hominibus,
933 3584 989 3669 qui
1007 3603 1090 3668 supe·
