2430 4028
137 272 157 335 8
441 275 491 324 DE
509 275 630 325 BELLO
651 273 809 326 GALLICO

135 462 186 527 his
210 462 344 547 proeliis
359 463 463 548 pulsis
487 462 530 528 ab
547 463 661 548 Ocelo,
687 464 775 550 quod
798 474 848 530 est
863 465 1024 530 citerioris
1040 486 1113 548 pro·

133 567 263 630 vinciae
292 574 489 640 extremum,
523 568 556 630 in
578 567 661 631 fines
684 568 920 633 Vocontiorum
948 566 1113 632 ulterioris

133 669 323 754 provinciae
340 669 393 735 die
409 672 547 756 septimo
565 672 729 755 pervenit3
753 672 829 736 inde
845 674 879 736 in
896 669 1113 754 Allobrogum

132 773 225 857 fines,
243 773 285 838 ab
299 773 534 858 Allobrogibus
550 777 584 838 in
601 773 800 858 Segusiavos
817 775 996 840 exercitum
1012 774 1112 838 ducit.

132 875 176 940 Hi
201 885 276 940 sunt
299 886 394 941 extra
409 880 615 962 provinciam
633 887 725 943 trans
743 878 940 944 Rhodanum
962 877 1067 963 primi.

218 980 268 1043 11.
291 979 436 1045 Helvetii
460 983 526 1046 iam
548 1003 607 1066 per
629 982 800 1066 augustias
816 993 849 1048 et
881 981 964 1046 fines
987 980 1111 1066 Sequa-

130 1104 247 1148 norum
265 1106 342 1149 suas
358 1085 472 1169 copias
487 1085 704 1150 traduxerant
719 1095 751 1150 et
773 1087 807 1149 in
823 1084 1013 1150 Aeduorum
1028 1085 1111 1148 fines

109 1196 346 1272 ipervenerant
368 1209 545 1272 eorumque
573 1210 672 1272 agros
700 1188 953 1274 populabantur.
991 1187 1110 1269 Aedui,

131 1312 205 1355 cum
229 1313 263 1355 se
280 1313 402 1376 suaque
425 1290 467 1355 ab
490 1293 531 1355 iis
547 1291 723 1356 defendere
738 1313 804 1356 non
821 1301 966 1377 possent,
981 1290 1110 1374 legatos

108 1393 172 1460 sad
188 1392 364 1459 Caesarem
387 1398 519 1460 mittunt
539 1405 691 1480 rogatum
708 1394 882 1460 auxilium:
905 1396 952 1459 ita
968 1416 1002 1458 se
1023 1395 1108 1458 omni

128 1507 274 1582 tempore
297 1498 337 1563 de
360 1498 481 1584 populo
505 1499 653 1564 Romano
677 1499 809 1563 meritos
832 1521 914 1572 esse,
946 1508 983 1562 ut
1004 1519 1110 1583 paene

128 1603 161 1665 in
190 1612 371 1689 conspectu
404 1605 569 1667 exercitus
598 1604 701 1667 nostri
735 1604 805 1686 agri
839 1603 980 1683 vastari,
1015 1601 1109 1666 liberi

129 1727 242 1771 eorum
263 1707 296 1771 in
321 1708 509 1771 servitutem
532 1705 663 1789 abduci,
689 1706 813 1791 oppida
835 1704 1019 1791 expugnari
1042 1727 1108 1770 non

4 1862 7 1866 Δ
105 1808 310 1874 rdebuerint
332 1810 460 1874 Eodem
483 1822 630 1895 tempore
650 1808 782 1892 [Aedui]
809 1807 974 1890 Ambarri,
997 1829 1109 1872 neces·

129 1913 205 1975 sarii
223 1921 256 1976 et
271 1914 509 1996 consanguinei
526 1911 726 1993 Aeduorum,
743 1909 921 1976 Caesarem
937 1913 1108 1975 certiorem

127 2016 252 2079 faciunt
274 2038 347 2080 sese
364 2015 572 2101 depopulatis
594 2016 683 2099 agris
706 2038 773 2081 non
788 2014 888 2080 lacile
910 2014 952 2078 ab
977 2014 1108 2099 oppidis

106 2120 193 2182 avim
216 2118 359 2183 hostium
382 2118 566 2203 prohibere.
596 2119 680 2184 Item
702 2118 915 2202 Allobroges,
940 2118 994 2203 qui
1016 2127 1108 2182 trans

127 2221 323 2287 Rhodanum
347 2224 438 2287 vicos
461 2224 751 2308 possessionesque
772 2220 950 2304 habebant,
973 2222 1053 2304 fuga
1074 2243 1109 2285 se

127 2326 171 2390 ad
194 2324 369 2390 Caesarem
390 2327 555 2410 recipiunt
577 2335 610 2390 et
633 2325 860 2390 demonstrant
889 2324 950 2389 sibi
979 2332 1109 2410 praeter

104 2431 197 2512 eagri
213 2427 318 2493 solum
334 2428 414 2493 nihil
438 2451 510 2493 esse
532 2428 661 2514 reliqui.
685 2428 813 2508 Quibus
828 2426 927 2493 rebus
944 2427 1108 2492 adductus

126 2530 250 2596 Caesar
264 2553 331 2596 non
355 2532 615 2617 exspectandum
635 2530 697 2596 sihi
718 2532 841 2614 statuit,
859 2532 935 2596 dum
955 2530 1107 2596 omnibus

125 2634 264 2699 fortunis
293 2637 458 2699 sociorum
486 2634 688 2720 consumptis
716 2637 750 2699 in
773 2634 939 2700 Santonos
963 2632 1107 2698 Helvetii

125 2739 342 2824 pervenirent.

212 2839 262 2903 12.
286 2840 426 2905 Flumen
450 2849 500 2904 est
514 2840 611 2924 Arar,
631 2842 721 2927 quod
734 2863 794 2926 per
815 2842 897 2905 fines
914 2841 1105 2905 Aeduorum

125 2954 156 3008 et
180 2944 406 3030 Sequanorum
428 2945 463 3009 in
485 2943 681 3009 Rhodanum
703 2944 825 3023 influit,
852 2943 1039 3010 incredibili
1061 2943 1105 3009 le-

124 3049 237 3124 nitate,
261 3048 309 3112 ita
331 3057 367 3112 ut
390 3047 503 3126 oculis,
527 3050 562 3112 in
584 3057 692 3112 utram
708 3058 833 3133 partem
851 3048 943 3130 fluat,
967 3047 1106 3113 iudicari

123 3173 190 3215 non
213 3152 326 3236 possit.
364 3150 403 3215 Id
426 3150 569 3215 Helvetii
592 3150 718 3216 ratibus
741 3173 781 3216 ao
804 3150 956 3216 lintribus
985 3150 1106 3214 iunctis

102 3253 318 3318 stransibant.
337 3252 401 3318 Ubi
415 3275 472 3338 per
485 3252 712 3338 exploratores
724 3253 849 3320 Caesar
864 3255 983 3319 certior
996 3254 1105 3318 factus

123 3366 173 3421 est
206 3369 272 3423 tres
304 3358 372 3420 iam
393 3367 503 3442 partes
536 3359 704 3441 copiarum
729 3359 898 3425 Helvetios
929 3358 963 3422 id
985 3357 1106 3422 flumen

123 3461 320 3542 traduxisse,
338 3469 488 3545 quartam
510 3461 578 3525 fere
594 3472 721 3546 partem
739 3466 826 3528 citra
839 3463 961 3528 flumen
974 3461 1106 3526 Ararim

86 3598 89 3606 2
123 3564 282 3650 reliquam
305 3585 387 3646 esse,
405 3563 446 3628 de
461 3565 558 3628 tertia
572 3565 776 3650 vigiliacum
799 3565 983 3650 legionibus
1000 3564 1106 3630 tribus
