2430 4028
182 249 242 313 194
487 247 537 298 Du
557 246 677 297 sanun
697 243 856 296 Gannico

180 437 345 524 praesidio
374 438 498 522 potitus
527 435 601 500 loco
632 434 715 498 duas
738 434 785 500 ibi
814 434 960 518 legiones
983 432 1160 500 collocavit

178 543 367 627 fossamque
392 539 553 626 duplicem
577 539 763 604 duodenum
793 537 914 624 pedum
937 561 959 603 a
980 538 1160 605 maioribus

180 647 296 710 castris
321 644 364 710 ad
391 647 519 710 minora
547 645 715 729 perduxit,
751 654 786 709 ut
815 654 885 709 tuto
917 643 959 709 ab
989 647 1160 728 repentino

179 749 322 814 hostium
352 750 484 814 incursu
516 750 614 813 etiam
647 747 767 830 singuli
801 770 986 813 commeare
1015 758 1161 833 possent.

264 849 316 913 37.
339 851 428 914 Dum
451 848 534 913 haec
557 849 600 914 ad
616 848 816 933 Gergoviam
834 859 1001 934 geruntur,
1018 849 1161 916 Convic-

179 952 325 1018 tolitavis
351 952 503 1036 Aeduus,
539 955 591 1017 cui
622 955 852 1037 magistratum
888 953 1115 1021 adiudicatum
1144 980 1163 1020 a

179 1056 323 1122 Caesare
357 1055 668 1137 demonstravimus,
705 1055 900 1122 sollicitatus
929 1057 974 1122 ab
1003 1058 1162 1124 Arvernis

179 1162 318 1246 pecunia
340 1181 414 1224 cum
434 1157 629 1244 quibusdam
654 1158 922 1225 adulescentibus
947 1160 1162 1249 colloquitur,

179 1286 316 1351 quornm
340 1271 412 1327 erat
426 1263 580 1348 princeps
593 1262 785 1327 Litaviccus
815 1273 914 1350 atque
937 1268 1009 1331 eins
1032 1267 1160 1347 fratres,

157 1366 381 1452 camplissima
402 1367 529 1433 familia
545 1369 614 1433 nati
631 1369 873 1436 adulescentes.
901 1369 984 1436 Cum
1000 1369 1051 1435 his
1067 1392 1161 1455 prae-

178 1475 278 1537 mium
301 1473 524 1536 communicat
539 1473 761 1557 hortaturque,
786 1483 821 1536 ut
845 1496 880 1539 se
903 1473 1027 1539 liberos
1050 1485 1086 1539 et
1109 1478 1162 1540 im·

157 1577 270 1662 sperio
294 1582 391 1640 natos
408 1577 624 1640 meminerint.
651 1575 761 1640 Unam
785 1599 857 1642 esse
874 1576 1066 1642 Aeduorum
1089 1581 1162 1643 civi·

167 1687 291 1761 ¹tatem,
317 1701 401 1764 quae
425 1681 643 1744 certissimam
659 1678 789 1744 Galliae
810 1682 984 1751 victoriam
1001 1679 1163 1763 detineat,

183 1784 253 1846 eins
288 1784 484 1847 auctoritate
519 1782 661 1867 reliquas
696 1783 872 1866 contineri3
911 1806 976 1870 qua
1012 1785 1163 1852 traducta

155 1906 168 1944 4
190 1907 288 1949 ocum
304 1884 508 1950 consistendi
525 1885 683 1949 Romanis
706 1888 739 1948 in
753 1883 864 1951 Gallia
886 1908 952 1951 non
974 1887 1059 1954 fore.
1083 1889 1163 1955 Esse

185 1987 341 2052 nonnullo
366 2010 400 2052 se
424 1986 577 2053 Caesaris
601 1987 759 2052 beneficio
784 1988 947 2064 affectum,
971 1992 1021 2055 sic
1043 2002 1161 2072 tamen,

188 2101 224 2156 ut
252 2092 462 2155 iustissimam
492 2090 581 2176 apud
610 2114 684 2155 eum
713 2113 847 2157 causam
878 2091 1076 2179 obtinuerit3
1108 2095 1162 2162 sed
1203 2170 1205 2177 Ι

155 2196 263 2282 splus
292 2197 457 2261 communi
485 2194 631 2260 libertati
661 2193 812 2258 tribuere.
857 2192 925 2259 Cur
947 2199 1035 2263 enim
1056 2202 1163 2285 potins

177 2300 289 2365 Aedui
313 2299 353 2363 de
382 2321 441 2364 suo
465 2300 535 2362 iure
566 2298 660 2362 etde
684 2297 812 2382 legibus
832 2298 875 2362 ad
899 2296 1082 2367 Caesarem
1104 2302 1161 2368 dis-

155 2411 393 2488 sceptatorem,
412 2423 511 2487 quam
526 2401 666 2465 Romani
683 2400 726 2464 ad
742 2401 877 2467 Aeduos
893 2404 1053 2470 veniant?
1077 2404 1162 2472 Cele-

176 2510 255 2571 riter
271 2504 538 2570 adulescentibus
556 2515 588 2570 et
612 2506 759 2570 oratione
775 2507 990 2589 magistratus
1014 2518 1049 2573 et
1070 2533 1162 2596 prae·
1199 2512 1205 2585 ,ἱ

177 2615 242 2676 mio
267 2611 427 2693 deductis,
453 2634 526 2676 cum
551 2634 586 2675 se
602 2611 655 2675 vel
672 2611 836 2696 principes
860 2611 929 2675 eius
946 2611 1080 2678 consilii
1095 2614 1160 2678 fore
1203 2690 1205 2695 Ι

177 2716 424 2800 profiterentur,
459 2717 544 2780 ratio
575 2714 765 2800 perficiendi
803 2713 1042 2799 quaerebatur,
1077 2715 1162 2801 quod
1202 2756 1205 2791 4

177 2821 345 2884 civitatem
375 2829 497 2884 temere
534 2818 578 2883 ad
613 2818 857 2903 suscipiendum
886 2816 1009 2882 bellum
1042 2819 1160 2885 adduci

155 2941 274 3008 tposse
296 2944 361 2987 non
379 2920 597 2986 confidebant.
623 2921 760 3001 Placuit,
785 2929 822 2985 ut
836 2920 1032 2986 Litaviccus
1049 2920 1160 2988 decem

176 3027 241 3092 illis
264 3026 412 3103 milibus,
447 3048 530 3111 quae
555 3024 689 3090 Caesari
719 3026 763 3090 ad
791 3025 917 3091 bellum
947 3027 1160 3106 mitterentur,

176 3130 407 3215 praeficeretur
431 3139 529 3216 atque
553 3151 592 3193 ea
617 3128 769 3193 ducenda
798 3140 943 3211 curaret,
978 3129 1159 3214 fratresque

176 3236 245 3298 eius
261 3234 304 3299 ad
317 3231 493 3298 Caesarem
509 3242 767 3318 praecurrerent.
791 3231 931 3319 Reliqua
955 3254 1022 3318 qua
1035 3231 1159 3299 ratione

181 3340 235 3421 agi
258 3337 391 3424 placeat
414 3338 626 3402 constituunt.

263 3440 314 3505 38.
332 3442 523 3505 Litaviccus
536 3447 675 3525 accepto
688 3441 845 3522 exercitu,
861 3460 937 3503 cum
949 3439 1041 3504 milia
1051 3459 1162 3526 passu·

176 3566 231 3609 um
260 3545 389 3609 circiter
411 3561 484 3607 xxx
516 3543 558 3608 ab
582 3541 750 3627 Gergovia
780 3541 926 3626 abesset,
964 3545 1158 3609 convocatis
