2430 4028
397 299 506 349 nmen
525 298 586 363 nn,
608 299 684 350 cnr.
705 300 816 349 er-ao.
962 290 965 295 ’
1050 297 1092 364 99

111 494 201 557 sario
225 491 365 558 adversa
388 499 486 553 nocte
508 491 542 552 in
558 489 659 553 altum
674 499 850 574 provectae
870 492 1091 554 continentem

110 597 286 680 petierunt.

197 697 249 762 29.
279 698 406 764 Eadem
428 706 525 762 nocte
550 697 686 779 accidit,
710 706 745 761 ut
769 708 855 762 esset
877 698 955 763 luna
978 698 1089 785 plena,

109 805 164 889 qui
191 804 261 868 dies
285 804 466 867 maritimos
490 810 599 866 aestus
624 804 787 866 maximos
811 803 845 867 in
863 800 998 866 Oceano
1022 803 1089 866 effi-

109 930 184 972 cere
209 907 395 987 consuevit,
421 905 607 989 nostrisque
629 904 664 968 id
689 914 759 968 erat
781 906 993 987 incognitum.
1039 905 1112 969 Itan

108 1032 174 1074 uno
199 1020 347 1093 tempore
369 1017 402 1072 et
424 1007 541 1090 longas
564 1029 679 1089 naves,
708 1007 826 1092 quibus
850 1005 976 1070 Caesar
999 1030 1090 1071 exer·

108 1115 211 1177 eitum
233 1111 524 1196 transportandum
540 1119 714 1174 curaverat
737 1132 882 1195 quasque
905 1111 938 1172 in
962 1109 1089 1175 aridum

108 1215 332 1297 subduxerat,
357 1224 467 1279 aestus
491 1214 724 1300 compleverat,
749 1223 781 1278 et
805 1215 982 1294 onerarias,
1006 1236 1089 1299 quae

108 1319 153 1382 ad
182 1342 323 1383 ancoras
347 1328 441 1383 erant
471 1317 649 1402 deligatae,
683 1326 864 1402 tempestas
893 1317 1087 1399 afflictabat,

105 1445 214 1507 neque
246 1421 314 1486 ulla
345 1423 465 1488 nostris
489 1421 629 1486 facultas
663 1432 719 1486 aut
748 1421 997 1487 administrandi
1032 1433 1089 1487 aut

108 1525 292 1589 auxiliandi
310 1525 458 1589 dabatur.
480 1523 711 1608 Compluribus
728 1524 867 1589 navibus
885 1526 997 1589 fractis
1014 1524 1110 1589 reli-a

106 1651 193 1714 quae
217 1650 291 1693 eum
314 1638 424 1693 essent
447 1627 590 1709 funibus,
615 1630 745 1691 ancoris
761 1627 960 1713 reliquisque
984 1651 1088 1693 arma·

105 1733 226 1797 mentis
249 1732 379 1796 amissis
407 1730 450 1795 ad
472 1731 696 1814 navigandum
719 1730 866 1806 inutiles,
896 1753 1026 1815 magna,
1054 1731 1088 1796 id

106 1834 196 1920 quod
219 1855 355 1899 neeesse
379 1844 449 1899 erat
471 1834 631 1914 accidere,
653 1835 753 1898 totius
777 1835 940 1899 exereitus
963 1846 1087 1920 pertur-

104 1938 198 2002 batio
223 1938 313 2003 facta
337 1947 395 2002 est.
418 1938 532 2022 Neque
548 1939 633 2002 enim
658 1960 759 2001 naves
783 1947 876 2002 erant
898 1937 992 2022 aliae,
1018 1943 1110 2025 qui-r

103 2041 168 2105 bus
197 2041 359 2125 reportari
390 2050 541 2125 possent,
571 2051 603 2105 et
628 2043 735 2105 omnia
759 2040 908 2122 deerant,
938 2065 1021 2127 quae
1044 2043 1088 2107 ad

102 2143 301 2209 reficiendas
326 2165 425 2207 naves
442 2153 536 2208 erant
558 2144 641 2220 usui,
665 2154 707 2227 et,
725 2144 813 2228 quod
837 2143 987 2209 omnibus
1011 2168 1086 2210 eon-

103 2245 217 2312 stabat
240 2246 377 2312 hiemari
400 2248 433 2310 in
451 2245 564 2312 Gallia
580 2258 739 2332 oportere,
763 2248 960 2314 frumentum
980 2250 1030 2313 his
1054 2251 1086 2312 in

103 2351 190 2417 locis
213 2351 247 2414 in
269 2349 410 2415 hiemem
432 2350 599 2435 provisum
625 2373 692 2415 non
715 2361 794 2415 erat.

191 2451 243 2516 30.
268 2452 396 2534 Quibus
415 2452 512 2518 rebus
537 2454 676 2538 cognitis
699 2456 867 2540 principes
886 2455 1085 2538 Britanniae,

100 2559 159 2642 qui
183 2566 259 2641 post
281 2556 442 2641 proelium
465 2557 509 2621 ad
532 2555 710 2622 Caesarem
733 2568 971 2639 convenerant,
1001 2561 1086 2624 inter

100 2684 137 2724 se
168 2658 343 2742 collocuti,
378 2681 452 2723 eum
486 2661 610 2746 equites
640 2671 671 2725 et
700 2684 801 2724 naves
830 2671 862 2726 et
888 2662 1085 2727 frumentum

98 2765 261 2829 Romanis
286 2763 399 2828 deesse
422 2763 649 2847 intellegerent
672 2774 705 2830 et
721 2767 923 2851 paucitatem
945 2766 1085 2830 militum

99 2891 144 2932 cx
157 2875 340 2931 castrorum
352 2868 534 2951 exiguitate
548 2879 794 2950 cognoscerent,
814 2891 898 2954 quae
914 2869 976 2934 hoc
992 2881 1085 2935 erant

98 2972 203 3036 etiam
232 2971 440 3053 angustiora,
476 2970 564 3056 quod
596 2973 665 3035 sine
698 2973 938 3056 impedimentis
962 2971 1085 3038 Caesar

99 3074 250 3158 legiones
273 3083 568 3158 transportaverat,
593 3076 750 3159 optimum
774 3076 865 3140 factu
888 3100 960 3142 esse
984 3077 1106 3143 dune-2

99 3187 190 3249 runt,
209 3174 389 3241 rebellione
404 3177 495 3240 facta
510 3177 671 3242 frumento
689 3189 936 3265 commeatuque
952 3191 1097 3246 nostros*

98 3280 279 3366 prohibere
309 3289 341 3343 et
371 3302 440 3344 rem
462 3281 495 3344 in
525 3280 664 3346 hiemem
692 3282 888 3366 producere,
920 3283 1008 3369 quod
1033 3285 1083 3349 his

100 3385 265 3469 superatis
290 3393 348 3448 aut
369 3383 478 3449 reditu
495 3384 679 3449 interclusis
695 3387 857 3451 neminem
874 3399 990 3472 postea
1006 3388 1082 3453 belli

98 3485 264 3551 inferendi
287 3508 390 3552 causa
412 3488 446 3551 in
468 3488 675 3553 Britanniam
703 3492 916 3556 transiturum
940 3492 1081 3557 confide-

96 3589 189 3654 bant.
214 3589 331 3674 Itaque
354 3613 466 3656 rursus
490 3593 715 3657 coniuratione
738 3593 829 3659 faeta
855 3594 1013 3678 paulatim
1039 3619 1104 3664 exe

885 3717 927 3746 η*
1019 3710 1072 3741 1„st

888 3732 938 3781 ‘ll‘
957 3749 993 3765 m
1020 3748 1073 3788 jv]
