2430 4028
123 274 186 339 252
425 274 475 323 nn
493 271 614 324 sunno
633 269 792 322 osnnreo

121 467 224 542 missi,
248 487 333 551 quae
348 472 548 549 gererentur,
570 464 826 546 renuntiassent,
847 460 1005 529 Caninius
1021 464 1105 531 cele

122 573 199 636 riter
223 590 296 633 cum
321 567 511 634 cohortibus
535 569 670 634 armatis
694 590 737 632 ex
765 568 927 654 proximis
955 568 1103 634 castellis

100 677 155 740 sin
178 673 410 738 frumentarios
434 671 494 737 sub
511 672 618 756 ipsam
635 671 741 736 lucem
765 672 924 755 impetum
943 671 1035 737 fecit.
1058 672 1104 737 Hi

122 779 292 863 repentino
322 774 408 840 malo
444 776 610 858 perterriti
644 775 818 859 diffugiunt
847 773 891 838 ad
920 796 981 839 sua
1010 797 1104 861 prac-

124 882 226 963 sidia3
256 901 341 964 quae
370 881 474 943 nostri
502 889 539 943 ut
567 877 735 952 viderunt,
771 878 880 943 acrius
908 887 1028 944 contra
1055 902 1104 945 ar·

123 994 229 1050 matos
253 984 381 1048 incitati
410 983 574 1047 neminem
602 1004 706 1048 exeo
730 1005 864 1047 numero
893 984 1005 1047 vivum
1029 986 1104 1068 capi

123 1089 303 1175 patiuntur.
336 1087 488 1170 Profugit
510 1085 586 1151 inde
609 1108 685 1151 eum
707 1088 823 1172 paucis
845 1086 1020 1151 Lucterius
1044 1109 1104 1152 nec

124 1215 159 1256 se
182 1192 300 1277 recipit
322 1193 356 1255 in
380 1200 498 1256 castra.

210 1293 261 1359 36.
291 1296 339 1360 Re
369 1293 451 1360 bene
475 1303 569 1378 gesta
593 1294 752 1359 Caninius
783 1316 827 1359 ex
854 1294 995 1378 captivis
1019 1317 1107 1360 com·

124 1400 208 1483 perit
231 1408 358 1483 partem
375 1401 545 1484 copiarum
562 1421 637 1463 cum
653 1397 825 1484 Drappete
847 1419 920 1463 esse
936 1398 971 1463 in
986 1401 1106 1464 castris

124 1526 143 1566 a
167 1501 301 1568 milibus
324 1524 390 1566 non
414 1501 556 1586 amplius
576 1519 638 1566 ΧΠ.
663 1500 794 1582 Quare
816 1524 859 1566 ex
882 1501 1106 1588 compluribus

125 1609 274 1691 cognita,
306 1628 380 1670 cum
409 1604 613 1689 intellegeret
645 1605 759 1687 fugato
784 1604 867 1670 duce
894 1604 998 1671 altero
1024 1602 1106 1692 [per-

124 1708 270 1793 territos]
295 1708 440 1796 reliquos
462 1709 561 1774 facile
586 1711 724 1795 opprimi
747 1731 856 1794 posse,
880 1730 1022 1793 magnae
1036 1710 1106 1775 feli·

125 1817 233 1880 citatis
264 1837 336 1880 esse
371 1813 596 1879 arbitrabatur
623 1815 787 1878 neminem
817 1836 860 1895 ex
888 1813 991 1878 caede
1020 1814 1106 1880 refu·

125 1921 213 2002 gissa
236 1920 270 1983 in
292 1927 413 1999 castra,
438 1920 493 2003 qui
518 1917 557 1981 de
582 1926 722 2002 accepta
745 1917 933 1982 calamitate
955 1919 1106 1983 nuntium

103 2022 289 2106 eDrappeti
319 2021 486 2105 perferret.
534 2018 601 2085 Sed
628 2023 662 2085 in
691 2019 895 2105 experiundo
923 2042 1000 2084 eum
1022 2023 1106 2106 peri-

124 2125 233 2188 culum
255 2123 378 2189 nullum
394 2125 529 2206 videret,
554 2124 735 2208 equitatum
760 2145 889 2189 omnem
906 2123 1106 2190 Germanos·

123 2251 185 2314 que
208 2227 346 2312 pedites,
371 2249 517 2292 summae
534 2227 720 2292 velocitatis
743 2227 903 2301 homines,
926 2226 972 2293 ad
994 2236 1107 2293 castra

123 2332 266 2396 hostium
280 2331 477 2415 praemittit3
500 2332 571 2416 ipse
593 2330 757 2415 legionem
772 2353 873 2396 unam
887 2332 920 2396 in
937 2331 1027 2396 trina
1050 2352 1104 2396 ca-

101 2446 193 2501 estre
209 2433 384 2510 distribuit,
408 2433 546 2499 alteram
563 2457 675 2498 secum
691 2434 880 2518 expeditam
896 2432 997 2498 ducit
1023 2432 1106 2499 Cnm

123 2539 258 2624 propius
282 2537 394 2602 hostes
416 2539 627 2614 accessisset,
651 2536 692 2601 ab
712 2536 996 2623 exploratoribus,
1020 2558 1104 2624 quos

124 2642 348 2727 praemiserat,
373 2643 545 2725 cognoscit
561 2650 671 2705 castra
687 2662 810 2724 eorum,
834 2650 871 2704 ut
885 2638 1106 2706 barbarorum

124 2748 192 2810 scre
222 2744 424 2810 consuetudo
453 2754 518 2827 est,
549 2744 673 2808 relictis
703 2743 787 2807 loeis
814 2738 1041 2829 superioribus
1065 2743 1108 2809 ad

123 2851 214 2933 ripas
231 2870 303 2913 esse
318 2847 459 2914 fluminis
476 2848 636 2930 demissa3
661 2856 695 2911 at
712 2845 897 2912 Germanos
914 2847 1108 2934 equitesque

123 2950 386 3039 imprudentibus
403 2950 553 3016 omnibus
571 2950 611 3016 de
624 2951 803 3036 improviso
820 2948 997 3015 advolasse
1012 2972 1108 3037 proe-

102 3056 272 3140 aliumque
289 3056 501 3120 commisisse.
531 3054 606 3136 Qua
621 3077 657 3119 re
673 3056 807 3138 cognita
822 3053 987 3138 legionem
1000 3076 1108 3121 arma-

124 3171 192 3225 tam
215 3161 471 3244 instructamque
488 3158 632 3223 adducit.
665 3158 717 3222 Ita
732 3165 866 3243 repente
889 3157 1043 3225 omnibus
1066 3182 1108 3224 ex

131 3263 280 3348 partibus
305 3264 397 3346 signo
422 3262 498 3326 dato
523 3261 597 3326 loca
614 3263 784 3347 superiora
799 3262 985 3347 capiuntur.
1008 3260 1109 3343 Quod

126 3367 183 3431 ubi
200 3365 330 3449 accidit,
349 3364 505 3431 Germani
522 3368 712 3450 equitesque
738 3366 840 3448 signis
861 3363 1003 3450 legionis
1024 3367 1105 3433 visis

104 3470 410 3534 svehementissime
433 3468 644 3555 proeliantur.
680 3467 860 3534 Confestim
876 3468 1029 3536 cohortes
1050 3492 1107 3536 un·

128 3574 225 3659 dique
248 3574 404 3656 impetum
434 3573 560 3638 faciunt
591 3571 805 3658 omnibusque
834 3580 892 3637 aut
920 3572 1104 3638 interfectis
