2430 4028
437 249 487 298 Du
506 249 625 300 BELLO
646 246 804 301 GALLICO

213 436 265 498 27.
289 437 413 502 Hostes
432 437 558 524 proelio
583 441 738 522 superati,
764 439 860 504 simul
883 449 982 527 atque
1006 466 1045 508 se
1068 467 1110 508 ex

127 541 206 623 fuga
240 550 448 625 receperunt,
485 545 596 606 statim
625 541 669 605 ad
698 540 875 607 Caesarem
910 543 1041 628 legatos
1072 547 1112 611 de

126 667 208 729 pace
231 647 403 726 miserunt,
427 644 558 710 obsides
582 644 716 710 daturos
741 668 889 732 quaeque
912 649 1113 734 imperasset

105 748 271 812 sfacturos
301 771 373 812 esse
402 747 540 832 polliciti
573 758 658 813 sunt.
703 748 781 814 Una
811 772 885 815 cum
913 751 965 817 his
989 751 1110 837 legatis

127 850 294 916 Commius
308 850 450 916 Atrebas
463 853 562 932 venit,
580 874 676 936 quem
693 875 792 937 supra
805 852 1111 922 demonstraveram

104 976 146 1017 aa
165 953 308 1018 Caesare
331 957 364 1017 in
387 956 593 1019 Britanniam
624 957 852 1040 praemissum.
897 958 996 1022 Hunc
1020 959 1071 1024 illi
1093 984 1111 1024 e

126 1059 204 1120 navi
227 1079 404 1140 egressum,
431 1080 505 1122 cum
528 1058 572 1122 ad
588 1081 644 1122 eos
669 1061 810 1129 oratoris
834 1060 934 1125 modo
954 1059 1110 1127 Caesaris

126 1159 283 1223 mandata
299 1160 448 1243 deferret,
473 1160 789 1245 comprehenderant
804 1173 903 1248 atque
919 1167 954 1230 in
975 1166 1111 1231 vincula

103 1264 344 1345 sconiecerant,
368 1272 437 1327 tum
459 1263 584 1348 proelio
608 1264 698 1329 facto
720 1269 916 1331 remiserunt
939 1277 972 1333 et
995 1270 1031 1332 in
1055 1293 1110 1356 pe·

126 1366 226 1431 tenda
248 1389 332 1452 pace
356 1368 424 1432 eius
447 1369 495 1431 rei
519 1367 650 1452 culpam
673 1371 706 1431 in
730 1369 971 1435 multitudinem
996 1375 1108 1439 conie-

104 1480 240 1536 ccerunt
256 1480 288 1535 et
303 1479 438 1556 propter
454 1470 708 1555 imprudentiam
723 1481 760 1536 ut
774 1474 1009 1556 ignosceretur,
1028 1478 1110 1560 peti·

124 1583 250 1640 verunt.
290 1573 414 1640 Cacsar
437 1585 588 1660 questus,
613 1574 718 1660 quod,
743 1599 818 1640 cum
840 1577 925 1640 ultro
949 1579 985 1640 in
1008 1581 1112 1644 conti·

125 1687 255 1742 nentem
270 1677 387 1762 legatis
403 1680 512 1743 missis
534 1700 651 1763 pacem
670 1677 712 1742 ab
737 1701 772 1742 se
792 1681 957 1764 petissent,
983 1677 1110 1746 bellum

125 1782 194 1844 sine
218 1802 318 1845 causa
341 1780 541 1863 intulissent,
565 1781 734 1865 ignoscere
757 1781 999 1867 imprudentiae
1022 1785 1110 1851 dixit

102 1883 322 1968 subsidesque
355 1886 544 1970 imperavit,
579 1907 717 1969 quorum
751 1884 798 1948 illi
831 1895 959 1970 partem
994 1890 1108 1953 statim

125 1986 302 2070 dederunt,
339 1998 466 2072 partem
500 2011 542 2051 ex
569 1988 852 2073 longinquioribus
887 1987 969 2053 locis
999 2012 1110 2056 arces·

103 2092 222 2155 rsitam
245 2093 359 2175 paucis
384 2089 499 2156 diebus
523 2114 595 2156 sese
619 2091 754 2156 daturos
779 2092 943 2158 dixerunt.
975 2093 1110 2161 Interea

126 2217 202 2259 suos
225 2197 405 2278 remigrare
427 2196 461 2258 in
484 2216 582 2278 agros
605 2197 778 2276 iusserunt,
803 2197 1034 2282 principesque
1054 2221 1108 2264 un·

125 2298 222 2383 dique
238 2301 415 2363 convenire
432 2307 463 2362 et
479 2321 514 2362 se
530 2298 745 2382 civitatesque
770 2321 846 2364 suas
859 2297 996 2366 Caesari
1018 2323 1109 2368 com·

123 2401 281 2466 mendare
304 2410 493 2486 coeperunt.

210 2503 261 2568 28.
286 2503 348 2570 His
371 2504 468 2568 robus
484 2526 569 2589 pace
585 2505 778 2570 confirmata
801 2516 878 2590 post
900 2506 988 2571 diem
1011 2529 1109 2594 quar·

123 2617 203 2690 tum,
228 2630 327 2692 quam
350 2617 401 2671 est
424 2609 456 2671 in
479 2608 687 2672 Britanniam
710 2617 853 2691 ventum,
876 2632 980 2675 naves
1004 2627 1108 2689 xvm,

125 2712 165 2776 de
194 2711 312 2796 quibus
342 2735 442 2797 supra
473 2713 730 2776 demonstratum
765 2721 830 2790 est,
865 2734 951 2799 quae
977 2716 1109 2800 equites

125 2814 335 2898 sustulerant,
360 2839 402 2880 ex
420 2816 587 2902 superiore
610 2824 708 2899 portu
729 2815 794 2879 leni
810 2825 909 2881 vento
926 2815 1109 2884 solverunt.

102 2917 220 2998 sQuae
243 2941 318 2983 cum
341 2922 644 3003 appropinquarent
667 2917 856 2982 Britanniae
879 2928 911 2983 et
928 2942 971 2983 ex
987 2923 1108 2986 castris

123 3021 327 3100 viderentur,
361 3032 455 3086 tanta
485 3030 665 3105 tempestas
695 3020 802 3086 subito
831 3033 946 3087 coorta
975 3034 1041 3096 est,
1072 3040 1109 3090 ut

123 3124 214 3189 nulla
237 3146 349 3189 earum
363 3146 495 3188 cursum
511 3132 622 3187 tenere
638 3133 763 3208 posset,
788 3124 845 3188 sed
868 3123 953 3190 aliae
977 3125 1107 3203 eodem,

123 3229 209 3293 unde
226 3238 321 3293 erant
336 3229 515 3312 profectae,
532 3227 740 3304 referrentur,
758 3227 843 3292 aliae
860 3228 903 3292 ad
915 3229 1108 3295 inferiorem

123 3341 250 3418 partem
282 3331 426 3413 insulae,
462 3352 546 3417 quae
580 3339 630 3395 est
658 3332 792 3415 propius
823 3329 902 3395 solis
938 3353 1107 3415 occasum,

100 3458 242 3520 smagno
272 3438 322 3501 sui
349 3457 425 3499 cum
455 3435 600 3520 periculo
630 3434 852 3517 deicerentur,
886 3457 971 3521 quac
994 3446 1107 3503 tamen

123 3542 253 3604 ancoris
284 3541 378 3604 iactis
407 3561 481 3602 cum
511 3537 664 3603 fluctibus
699 3538 956 3623 complerentur,
992 3562 1107 3605 neces-
