2430 4028
402 270 514 328 amns
531 276 563 338 r,
584 274 659 327 our.
678 275 789 330 se-aa,
975 327 977 333 .
1024 273 1084 338 127

103 491 180 534 cam
212 490 281 535 rem
316 491 351 534 se
386 491 479 534 suam
511 468 610 533 fidem
643 468 860 553 interponere.
918 465 977 530 Ille
1011 487 1108 534 cume

104 572 206 639 Cotta
230 574 342 638 saucio
359 573 591 653 communicat,
615 572 642 635 si
658 569 819 647 videatur,
836 591 948 654 pugna
970 578 1006 634 ut
1029 590 1085 634 ex-

103 677 227 742 cedant
249 686 282 742 et
304 697 379 741 cum
395 675 586 758 Ambiorige
602 696 668 738 una
684 672 929 759 colloquantur:
954 695 1087 759 sperare

103 779 146 845 ab
184 803 222 845 eo
252 779 292 845 de
323 802 383 844 sua
411 802 450 844 ac
479 778 618 843 militum
648 777 752 843 salute
781 779 947 862 impetrari
976 799 1084 862 posse.

105 881 207 949 Cotta
230 906 265 949 se
287 883 332 948 ad
347 891 509 948 armatum
524 882 652 947 hostem
675 883 795 946 iturum
811 891 910 966 negat
933 889 1031 965 atque
1053 881 1110 944 ini

104 1009 143 1051 eo
167 998 366 1072 perseverat.

192 1089 243 1155 37.
269 1090 411 1158 Sabinus
428 1112 510 1176 quos
533 1093 565 1155 in
582 1090 768 1176 praesentia
784 1089 932 1155 tribunos
948 1086 1089 1153 militum

102 1197 229 1260 circum
246 1217 281 1259 se
297 1192 444 1259 habebat
466 1204 499 1259 et
521 1196 699 1280 primorum
716 1193 864 1258 ordinum
882 1192 1088 1257 centuriones

105 1320 141 1363 se
165 1297 258 1383 sequi
280 1297 372 1363 iubet
399 1306 441 1381 et,
465 1319 540 1362 eum
567 1298 702 1382 propius
732 1295 956 1379 Ambiorigem
978 1316 1090 1359 acces-

105 1403 215 1482 sisset,
239 1403 347 1467 iussus
370 1423 462 1466 arma
477 1400 609 1466 abicere
632 1403 826 1486 imperatum
842 1399 922 1464 facit
946 1402 1088 1485 suisque,

66 1568 69 1574 .
103 1513 140 1568 ut
169 1504 258 1569 idem
287 1505 426 1588 faciant,
456 1507 606 1591 imperat.
635 1505 780 1587 Interim,
807 1503 881 1568 dum
907 1504 947 1569 de
975 1502 1110 1567 condi-a

104 1608 258 1674 cionibus
297 1611 382 1674 iuter
422 1631 456 1673 se
490 1618 592 1693 agunt
630 1608 822 1693 longiorque
861 1607 1010 1673 consulto
1046 1605 1087 1671 ab

104 1710 300 1796 Ambiorige
322 1713 504 1776 instituitur
526 1734 643 1795 sermo,
667 1711 826 1798 paulatim
846 1710 1089 1775 circumventus

103 1813 312 1881 interficitur.
358 1814 441 1879 Turn
464 1837 542 1879 vero
567 1837 625 1880 suo
649 1837 739 1880 more
762 1816 937 1880 victoriam
960 1813 1110 1880 conclu-e

103 1927 198 1987 mant
220 1925 318 2003 atque
342 1916 502 1982 ululatum
531 1917 650 1983 tollunt
679 1919 865 2004 impetuque
894 1921 927 1984 in
957 1927 1090 1983 nostros

103 2021 195 2087 facto
220 2020 349 2086 ordines
372 2019 575 2106 perturbant.
600 2019 650 2085 Ibi
668 2021 791 2087 Lucius
815 2021 915 2088 Ootta
937 2042 1114 2107 pugnansa

102 2122 301 2188 interficitur
323 2145 397 2189 cum
419 2125 566 2189 maxima
589 2134 684 2210 parte
707 2124 855 2191 militum.
900 2125 1031 2211 Reliqui
1055 2147 1089 2189 se

104 2229 139 2292 in
163 2236 276 2292 eastra
298 2229 472 2312 recipiunt,
497 2229 583 2294 unde
606 2237 701 2293 erant
723 2231 856 2312 egressi.
896 2230 948 2294 Ex
972 2228 1114 2314 quibust

104 2332 231 2396 Lucius
255 2331 458 2399 Petrosidius
481 2333 651 2418 aquilifer,
683 2355 758 2398 cum
792 2353 913 2418 magna
947 2329 1090 2397 multitu·

104 2433 181 2500 dine
203 2434 347 2500 hostium
362 2446 572 2521 premeretur,
596 2436 741 2522 aquilam
764 2438 851 2502 intra
867 2435 991 2500 vallum
1014 2457 1091 2520 pro·

103 2539 195 2621 iecit,
218 2538 290 2624 ipse
312 2560 372 2624 pro
403 2540 520 2606 castris
544 2541 720 2606 fortissime
744 2563 893 2627 pugnans
922 2540 1092 2607 occiditur.

105 2642 155 2708 llli
173 2663 272 2725 aegre
288 2642 331 2708 ad
347 2653 477 2710 noctem
494 2647 775 2730 oppugnationem
792 2646 971 2726 sustinent3
993 2653 1114 2709 noctus

103 2745 147 2811 ad
170 2767 273 2811 unum
290 2769 402 2812 omnes
419 2747 595 2833 desperata
613 2748 718 2814 salute
742 2772 776 2813 se
800 2751 863 2833 ipsi
881 2747 1092 2827 interficiunt

103 2850 209 2914 Pauci
232 2872 275 2914 ex
291 2849 416 2936 proelio
440 2850 547 2937 elapsi
569 2852 704 2917 incertis
727 2851 898 2916 itineribus
914 2874 975 2937 per
992 2851 1092 2914 silvas

104 2952 149 3018 ad
172 2952 283 3017 Titum
308 2951 492 3020 Labienum
514 2953 661 3038 legatum
683 2956 717 3018 in
740 2954 877 3020 hiberna
899 2955 1093 3041 perveniunt

105 3064 208 3141 atque
231 3077 305 3120 eum
330 3056 371 3121 de
395 3055 494 3122 rebus
517 3061 620 3141 gestis
644 3060 816 3124 certiorem
839 3058 974 3123 faciunt.

192 3156 245 3222 38.
269 3158 343 3223 Hac
358 3159 499 3224 victoria
523 3161 672 3227 sublatus
689 3160 862 3227 Ambiorix
886 3162 997 3227 statim
1019 3183 1093 3225 oum

104 3262 255 3347 equitatu
284 3263 317 3327 in
345 3262 555 3345 Aduatucos,
585 3267 640 3349 qui
671 3275 765 3331 erant
793 3267 861 3329 eius
890 3285 992 3347 reguo
1024 3265 1094 3329 fini-

106 3367 192 3448 timi,
216 3365 454 3451 proficiscitur;
478 3390 584 3454 neque
607 3378 737 3434 noctem
760 3391 865 3455 neque
889 3368 974 3434 diem
997 3368 1093 3432 inter·

105 3471 208 3534 mittit
230 3467 477 3556 peditatumque
501 3494 573 3536 sese
597 3469 752 3558 subsequi
774 3472 873 3537 iubet.
896 3471 944 3536 Re
961 3470 1116 3535 demon-2

106 3581 213 3641 strata
225 3571 475 3660 Aduatucisque
492 3577 666 3641 concitatis
683 3585 816 3662 postero
834 3575 888 3642 die
903 3575 938 3640 in
952 3573 1093 3640 Nervios
