2430 4028
397 266 506 316 urens
524 267 583 331 vu,
604 267 678 317 cur.
699 266 807 316 os-er.
1029 261 1091 328 213

108 457 209 522 modo
233 467 328 522 extra
345 479 462 541 agmen
486 455 616 536 audeat,
639 467 673 521 et
694 458 784 541 ipsos
800 455 932 540 quidem
947 475 1014 518 nou
1037 452 1092 517 de·

108 561 187 625 bere
212 559 371 643 dubitare,
397 569 429 624 et
452 582 515 645 quo
540 561 662 624 maiore
684 559 809 623 faciant
832 560 951 639 animo,
976 557 1091 642 copias

110 688 145 728 se
171 686 290 729 omnes
308 687 367 749 pro
392 666 508 729 castris
531 661 718 728 habiturum
741 673 774 727 et
801 662 918 730 terrori
942 661 1091 725 hostibus

110 769 265 834 futurum.
278 766 496 832 Conclamant
509 769 650 852 equites:
664 768 870 832 sanctissimo
884 763 1113 832 iureiurandor

108 870 298 936 confirmari
323 879 485 958 oportere,
509 893 549 934 ne
566 878 651 934 tecto
673 872 859 953 recipiatur,
884 892 925 932 nc
949 868 992 933 ad
1014 868 1091 932 libc-

108 996 174 1052 ros,
199 997 240 1038 ne
262 975 306 1039 ad
324 983 487 1060 parentes,
511 974 555 1038 ad
571 996 708 1038 uxorem
732 972 856 1037 aditum
881 972 1012 1046 habeat,
1037 974 1092 1056 qui

110 1100 177 1142 non
200 1076 253 1142 bis
281 1100 338 1162 per
361 1100 480 1160 agmen
499 1078 642 1142 hostium
666 1079 914 1162 perequitasset.

197 1179 249 1243 67.
263 1181 407 1245 Probata
419 1204 454 1245 rc
467 1191 565 1265 atque
579 1180 729 1246 omnibus
742 1179 950 1244 iureiurando
964 1179 1091 1243 adactis

107 1293 245 1370 postero
270 1284 321 1349 die
344 1285 377 1348 in
401 1294 467 1348 tres
491 1294 601 1368 partes
630 1284 803 1349 distributo
836 1286 983 1368 equitatu
1007 1283 1092 1347 duae

109 1410 144 1453 se
162 1389 253 1452 acies
269 1388 310 1451 ab
329 1385 457 1452 duobus
473 1385 631 1452 lateribus
650 1387 834 1466 ostendunt,
859 1410 925 1451 una
947 1410 967 1450 a
987 1390 1090 1472 primo

109 1492 241 1575 agmine
264 1490 325 1554 iter
341 1488 498 1575 impedire
516 1493 634 1576 coepit.
664 1490 737 1571 Qua
753 1514 787 1554 rc
803 1493 952 1555 nuntiata
969 1488 1113 1554 Caesare

107 1616 204 1658 suum
233 1615 362 1680 quoque
392 1595 572 1678 equitatum
602 1596 764 1677 tripertito
801 1594 938 1658 divisum
974 1603 1089 1657 contra

107 1696 240 1762 hostem
263 1699 309 1762 ire
326 1696 425 1761 iubet.
450 1697 618 1781 Pugnatur
632 1720 698 1761 una
716 1696 865 1762 omnibus
881 1699 914 1760 in
930 1696 1090 1783 partibus.

108 1799 271 1866 Consistit
283 1822 416 1884 agmen,
432 1800 665 1886 impedimenta
677 1803 760 1864 inter
772 1800 917 1883 legiones
930 1802 1112 1884 recipiuns

107 1915 170 1968 tur.
217 1903 253 1970 si
282 1926 346 1988 qua
374 1906 406 1968 iu
436 1914 530 1990 parte
560 1907 665 1969 nostri
695 1905 845 1968 laborare
878 1913 934 1968 aut
957 1905 1114 1986 graviuss

108 2009 216 2092 premi
238 2007 445 2085 videbantur,
471 2031 508 2072 co
534 2010 627 2092 signa
650 2010 760 2074 inferri
778 2006 900 2074 Caesar
923 2009 1092 2093 aciemque

108 2112 268 2176 constitui
291 2110 442 2193 iubebat3
475 2135 558 2197 quae
586 2136 638 2176 res
660 2122 692 2176 et
715 2112 827 2176 hostes
854 2112 897 2175 ad
921 2114 1091 2196 insequen-

106 2214 184 2278 dum
215 2213 370 2279 tardabat
399 2225 431 2279 et
464 2226 595 2279 nostros
627 2239 684 2299 spe
715 2214 830 2280 auxilii
861 2215 1089 2279 confirmabat.

108 2315 260 2381 Tandem
285 2318 439 2383 Germani
464 2319 505 2384 ab
531 2320 647 2384 dextro
670 2318 772 2382 latere
795 2341 955 2382 summurn
979 2320 1112 2402 iugums

104 2424 219 2486 nancti
251 2421 363 2486 hostes
396 2422 470 2487 loco
501 2421 685 2506 depellunt3
719 2423 881 2505 fugientes
915 2443 1018 2506 usque
1046 2422 1090 2485 ad

105 2526 246 2608 flumen,
281 2524 337 2590 ubi
368 2525 618 2610 Vercingetorix
648 2548 722 2589 cum
752 2524 958 2608 pedestribus
986 2527 1091 2608 copiis

104 2627 314 2706 consederat,
337 2638 578 2715 persequuntur
601 2628 852 2713 compluresque
882 2628 1089 2692 interficiunt.

105 2730 184 2811 Qua
206 2753 242 2796 re
257 2732 490 2798 animadversa
506 2733 633 2819 reliqui,
657 2756 697 2796 ne
715 2734 971 2813 circumirentur,
995 2734 1114 2796 veritis

105 2858 140 2899 se
163 2837 264 2918 fugae
288 2835 456 2899 mandant.
482 2834 643 2901 Omnibus
667 2835 748 2901 locis
777 2836 814 2899 fit
836 2835 964 2901 caedes.
1010 2836 1111 2900 Tresr
1166 2839 1168 2842 ’

105 2937 308 3004 nobilissimi
337 2938 444 3003 Aedui
466 2941 557 3024 capti
581 2941 625 3004 ad
653 2938 828 3005 Caesarem
852 2938 1089 3024 perducuntur:

107 3039 231 3124 Cotus,
256 3042 444 3127 praefectus
467 3045 627 3128 equitum,
658 3045 712 3127 qui
736 3041 994 3106 controversiam
1017 3063 1090 3106 cum

106 3143 363 3209 Convictolitavi
388 3149 548 3231 proximis
572 3147 713 3210 comitiis
736 3144 905 3218 habuerat,
930 3155 962 3210 et
985 3144 1089 3209 Cava-

104 3248 217 3329 rillus,
259 3250 313 3333 qui
343 3259 418 3333 post
447 3249 661 3314 defectionem
684 3249 846 3313 Litavicci
885 3248 1089 3333 pedestribus

106 3352 212 3438 copiis
237 3353 433 3436 praefuerat,
460 3361 492 3417 et
509 3353 727 3438 Eporedorix,
754 3375 817 3438 quo
842 3353 925 3418 duee
940 3362 1016 3416 ante
1032 3353 1088 3416 ad-

103 3465 239 3521 ventum
271 3455 422 3521 Caesaris
454 3456 560 3521 Aedui
594 3478 668 3521 cum
697 3453 857 3540 Sequanis
895 3454 980 3520 bello
1016 3478 1091 3520 con-

104 3556 290 3623 tenderent.
