2430 4028
401 275 511 331 trans
528 276 574 342 vr,
594 278 671 330 cnr.
689 277 799 332 ss-st.
1024 278 1085 346 165

110 492 218 555 neque
241 469 309 533 nlla
338 469 377 534 de
407 470 513 533 reditu
543 473 612 534 eins
641 470 731 534 fama
760 469 965 552 afferebatur,
996 469 1111 542 simul2

104 595 218 638 eornm
242 581 409 660 permotus
425 573 573 657 vocibus,
594 575 648 660 qui
672 573 758 638 illius
773 574 966 658 patientiam
984 596 1089 658 paene

104 675 332 743 obsessionem
349 678 573 764 appellabant,
594 677 754 762 siqnidem
770 699 813 741 ex
836 680 953 742 castris
977 677 1087 761 egredi

103 801 172 843 non
207 779 342 863 liceret,
376 781 500 846 nullum
536 781 696 845 eiusmodi
731 802 845 845 casum
879 790 1087 865 exspectans,

104 903 170 967 quo
187 905 304 950 novem
328 885 489 970 oppositis
505 883 689 969 legionibus
706 886 917 969 maximoque
940 887 1089 968 equitatu

106 985 263 1069 dispersis
292 1009 330 1052 ac
358 1010 464 1073 paene
488 987 602 1052 deletis
632 986 781 1052 hostibus
805 989 837 1052 in
861 987 991 1051 milibus
1014 1011 1088 1073 pas·

103 1110 200 1154 suum
222 1089 327 1154 tribus
355 1091 474 1156 offendi
509 1101 630 1176 posset,
665 1094 807 1177 quinque
842 1091 993 1156 cohortes
1022 1092 1088 1156 fru-

103 1202 286 1257 mentatum
312 1196 343 1257 in
368 1197 536 1278 proximas
561 1204 688 1278 segetes
712 1198 820 1278 mittit,
845 1218 926 1280 quas
950 1197 1035 1258 inter
1057 1204 1089 1259 et

104 1304 217 1360 castra
250 1318 333 1361 unus
372 1298 502 1362 omnino
541 1297 635 1362 collis
671 1300 837 1364 intererat.
894 1298 1110 1382 Compluress

103 1407 201 1464 erant
234 1422 275 1463 ex
311 1399 493 1484 legionibus
529 1403 618 1483 aegri
655 1401 775 1482 relicti3
811 1424 851 1464 ex
881 1400 998 1487 quibus
1033 1403 1088 1484 qui

101 1501 168 1566 hoc
197 1504 303 1585 spatio
336 1501 458 1566 dierum
488 1504 731 1586 convaluerant,
766 1507 895 1568 circiter
924 1520 996 1580 000,
1027 1502 1088 1568 sub

104 1604 229 1670 vexillo
258 1628 323 1669 nna
345 1607 532 1688 mittuntur,
562 1628 684 1690 magna
714 1617 885 1694 praeterea
912 1607 1087 1673 multitudo

103 1708 275 1791 calonum,
311 1730 430 1792 magna
459 1711 508 1772 vis
537 1712 773 1786 iumentorum,
808 1711 947 1795 quaein
970 1712 1088 1776 castris

103 1813 334 1889 subsederant,
357 1814 445 1876 facta
468 1821 633 1897 potestate
658 1817 811 1898 sequitur.

192 1915 244 1981 37.
267 1915 341 1979 Hoc
363 1918 435 1999 ipso
455 1925 601 2000 tempore
625 1927 656 1981 et
679 1940 758 1980 casu
783 1916 940 1983 Germani
963 1920 1087 2003 equites

102 2020 325 2084 interveniunt
353 2022 564 2104 protinusque
589 2019 705 2083 eodem
735 2020 812 2099 illo„
831 2042 893 2104 quo
918 2031 1087 2100 venerant,

104 2145 205 2188 cursu
233 2119 275 2186 ab
305 2122 487 2186 decumana
511 2132 603 2206 porta
633 2125 665 2187 in
690 2133 798 2186 castra
829 2125 1007 2207 irrumpere
1035 2146 1087 2188 co-

101 2234 238 2300 nantur,
272 2247 332 2288 nec
367 2227 456 2309 prins
487 2235 562 2289 sunt
592 2227 651 2289 visi
683 2224 820 2290 obiectis
852 2225 892 2289 ab
922 2248 963 2290 ca
996 2237 1110 2310 partes

105 2330 210 2409 silvis,
241 2350 338 2414 quarn
367 2331 485 2393 castris
509 2332 821 2416 appropinquarent,
853 2352 955 2414 nsque
979 2353 1017 2394 co
1041 2339 1086 2412 ut,

103 2435 159 2519 qni
190 2431 250 2496 sub
278 2432 363 2497 vallo
388 2433 557 2498 tenderent
585 2443 794 2515 mercatores,
826 2433 1004 2517 recipiendi
1038 2436 1086 2498 sui

102 2536 296 2601 facultatem
318 2557 384 2600 non
403 2536 571 2600 haberent.
597 2521 808 2621 Inopinantes
825 2538 928 2600 nostri
952 2557 1110 2600 renovas

102 2638 357 2725 perturbantur,
393 2660 432 2703 ac
460 2641 518 2702 vix
546 2640 685 2722 primum
719 2640 876 2722 impetum
906 2637 1023 2702 cohors
1054 2640 1087 2700 in

103 2744 247 2808 statione
271 2744 415 2807 sustinet.
435 2741 748 2806 Circumfunduntur
771 2765 811 2806 ex
828 2743 959 2827 reliquis
976 2743 1110 2807 hostcs4

103 2846 267 2932 partibus,
298 2848 325 2910 si
357 2867 451 2931 quem
476 2846 600 2909 aditum
623 2848 765 2929 reperire
789 2855 932 2930 possent.
978 2844 1109 2928 Aegres

102 2959 218 3036 portas
252 2950 355 3013 nostri
386 2956 538 3030 tuentur,
569 2947 711 3033 reliquos
746 2948 855 3014 aditus
890 2948 982 3012 locus
1016 2951 1086 3033 ipse

102 3075 164 3138 per
187 3075 222 3117 se
244 3053 447 3137 munitioque
465 3049 618 3114 defendit.
645 3050 738 3114 Totis
762 3051 943 3135 trepidatur
958 3054 1109 3126 castriso

105 3164 206 3240 atque
230 3154 314 3218 alius
338 3177 379 3217 ex
403 3153 467 3217 alio
488 3175 623 3217 causam
645 3153 801 3218 tumultus
818 3156 959 3238 quaerit3
982 3175 1087 3238 neque

105 3280 170 3343 quo
196 3259 291 3341 signa
317 3257 464 3320 ferantur
490 3278 596 3340 neque
620 3278 717 3341 quarn
739 3259 770 3320 in
799 3267 924 3339 partem
952 3259 1087 3342 quisque

105 3364 291 3444 conveniat,
308 3361 491 3447 provident.
517 3360 610 3425 Alius
631 3363 697 3425 iam
714 3371 824 3425 castra
836 3370 933 3445 capta
947 3383 1108 3444 pronun-r

106 3468 180 3548 tiat,
206 3465 289 3530 alius
307 3464 413 3530 deleto
438 3467 587 3529 exercitu
608 3473 705 3549 atque
729 3467 924 3548 imperatore
947 3465 1087 3527 victores

105 3568 268 3635 barbaros
277 3570 405 3633 venisse
418 3567 603 3651 contendit3
615 3567 872 3652 pleriquenovas
885 3566 945 3632 sibi
959 3589 1001 3631 ex
1012 3565 1108 3633 locos
