2430 4028
349 262 460 312 LIBER
478 263 537 321 vlt,
557 262 635 312 CAP.
653 262 764 312 52-55.
984 268 1047 329 2οὐ

64 453 237 519 obsidibus
261 475 387 518 summa
410 475 484 517 cum
509 455 707 518 contumelia
724 457 871 536 extortiS,
896 466 928 518 et
950 478 1047 539 quam

63 559 96 621 in
121 558 285 621 fortunam
310 579 471 643 quamque
501 560 534 620 in
564 558 811 642 amplitudinem
846 558 1047 638 deduxisset,

64 672 188 726 utnon
224 661 329 726 solum
364 664 396 725 in
422 663 593 746 pristinum
630 671 750 725 statum
785 661 959 737 redissent,
991 664 1048 726 sed

64 765 210 829 omnium
226 775 407 849 temporum
420 766 612 848 dignitatem
630 776 660 828 et
673 767 813 848 gratiam
830 769 1047 831 antecessisse

63 868 262 932 viderentur.
288 868 349 931 His
374 867 459 932 datis
476 869 641 932 mandatis
666 890 721 931 eos
745 867 786 930 ab
811 891 845 932 se
870 870 1002 934 dimisit⁴

149 970 200 1033 55.
230 971 461 1035 Noviodunum
491 982 561 1036 erat
592 971 748 1056 oppidum
782 971 970 1036 Aeduorum
1005 973 1044 1039 ad

61 1079 152 1161 ripas
176 1076 304 1159 Ligeris
329 1086 513 1162 opportuno
537 1076 610 1140 loco
636 1079 787 1162 positum.
824 1079 898 1141 Huc
923 1077 1069 1146 Caesare

63 1201 177 1243 omnes
214 1179 344 1244 obsides
370 1178 509 1261 Galliae,
544 1181 759 1259 frumentum,
794 1184 966 1265 pecuniam
990 1206 1046 1266 pu·

60 1282 205 1363 blicam,
241 1305 374 1346 suorum
408 1293 506 1368 atque
541 1285 705 1348 exercitus
740 1285 1047 1370 impedimentorum

60 1407 219 1469 magnam
236 1396 362 1472 partem
386 1387 588 1469 contulerat3
612 1389 675 1452 huo
699 1411 853 1471 maguum
877 1413 1069 1453 numerumn

61 1511 222 1574 equorum
246 1489 340 1553 huius
362 1488 439 1554 belli
465 1512 567 1554 causa
590 1491 737 1555 initalia
761 1502 857 1576 atque
883 1492 1046 1578 Hispania

61 1604 228 1657 coemtum
263 1595 406 1658 miserat.
453 1594 502 1658 Eo
534 1616 608 1657 cum
632 1594 842 1677 Eporedorix
865 1595 1070 1661 Viridoma-ssr

60 1718 183 1782 rusque
205 1699 373 1762 venissent
405 1698 501 1762 etde
526 1708 611 1762 statu
636 1700 778 1761 civitatis
803 1705 1046 1782 cognovissent,

60 1801 270 1866 Litaviccum
293 1800 442 1865 Bibracti
473 1801 514 1865 ab
540 1800 662 1865 Aeduis
685 1812 862 1885 receptum,
888 1804 975 1887 quod
998 1815 1048 1868 est

60 1904 220 1991 oppidum
245 1905 332 1989 apud
356 1927 412 1968 eos
435 1907 598 1968 maximae
623 1909 838 1974 auctoritatis,
876 1906 1047 1975 Convicto-

59 2009 189 2074 litavim
225 2010 454 2093 magistratum
488 2033 707 2095 magnamque
749 2021 876 2096 partem
913 2024 1046 2077 senatus

18 2191 22 2197 η
62 2112 107 2177 ad
132 2135 208 2176 eum
231 2116 436 2195 convenisse,
460 2113 587 2196 legatus
611 2115 654 2177 ad
678 2115 982 2198 Vercingetorigem
1008 2116 1047 2180 de

59 2237 145 2299 pace
180 2226 212 2280 et
235 2218 380 2281 amicitia
412 2217 621 2281 concilianda
656 2217 786 2300 publice
814 2221 949 2298 missos',
982 2241 1047 2282 non

59 2319 390 2403 praetermittendum
402 2329 528 2384 tantum
542 2321 749 2385 commodum
764 2323 1046 2386 existimaverunt.

58 2426 178 2508 Itaque
207 2423 386 2487 interfectis
416 2422 602 2488 Novioduni
631 2424 826 2488 custodibus
859 2427 977 2509 quique
1008 2449 1069 2489 eos

57 2525 253 2610 negotiandi
270 2547 370 2591 causa
387 2537 618 2606 convenerant,
636 2530 809 2612 pecuniam
826 2538 924 2613 atque
944 2551 1045 2613 equos

58 2633 148 2695 inter
172 2652 207 2693 se
230 2632 341 2714 partiti
367 2640 457 2711 sunt,
484 2629 614 2694 obsides
639 2632 807 2695 civitatum
826 2631 979 2696 Bibracte
1004 2633 1067 2696 ado

58 2736 290 2820 magistratum
309 2732 517 2798 deducendos
536 2746 746 2816 curaverunt,
773 2735 938 2819 oppidum,
958 2735 1067 2820 quoda

60 2863 82 2905 a
106 2861 142 2903 se
165 2839 269 2902 teneri
291 2859 358 2901 non
378 2860 475 2923 posse
499 2839 699 2920 iudicabant,
723 2862 763 2901 ne
787 2841 839 2902 cui
863 2848 950 2902 esset
974 2841 1044 2902 usui

58 2943 228 3013 Romanis,
252 2941 483 3024 incenderunt3
507 2942 662 3006 frumenti
688 2943 775 3027 quod
800 2941 907 3005 subito
933 2953 1067 3025 potue-s

59 3054 138 3111 runt
159 3046 300 3110 navibus
323 3055 513 3128 avexerunt,
544 3047 703 3131 reliquum
726 3048 857 3110 flumine
883 3057 979 3130 atque
1003 3050 1047 3110 in·

60 3149 181 3215 cendio
216 3159 443 3233 corruperunt.
494 3150 561 3234 Ipsi
597 3173 638 3213 ex
672 3151 817 3214 finitimis
856 3151 1068 3233 regionibuso

61 3255 178 3338 copias
202 3273 330 3336 cogere,
363 3253 527 3336 praesidia
551 3254 782 3337 custodiasque
813 3254 855 3317 ad
879 3257 968 3338 ripas
994 3255 1045 3317 Li-

61 3359 150 3443 geris
167 3355 341 3441 disponere
359 3359 602 3442 equitatumque
628 3358 777 3421 omnibus
796 3358 876 3421 locis
888 3357 1044 3419 iniciendi

62 3461 190 3526 timoris
214 3481 315 3526 causa
340 3471 505 3526 ostentare
530 3473 715 3548 coeperunt,
737 3465 765 3526 si
789 3462 830 3526 ab
854 3483 888 3524 re
905 3462 1046 3525 frumen·

61 3567 147 3629 taria
171 3565 337 3629 Romanos
372 3566 545 3630 excludere
581 3575 636 3629 aut
670 3566 831 3629 adductos
867 3567 977 3648 inopia
1012 3567 1044 3628 in
