<?xml version="1.0" encoding="UTF-8"?>
<!DOCTYPE html PUBLIC "-//W3C//DTD XHTML 1.0 Transitional//EN"
    "http://www.w3.org/TR/xhtml1/DTD/xhtml1-transitional.dtd">
<html xmlns="http://www.w3.org/1999/xhtml" xml:lang="en" lang="en">
 <head>
  <title>
</title>
<meta http-equiv="Content-Type" content="text/html;charset=utf-8" />
  <meta name='ocr-system' content='tesseract 3.04.00' />
  <meta name='ocr-capabilities' content='ocr_page ocr_carea ocr_par ocr_line ocrx_word'/>
</head>
<body>
  <div class='ocr_page' id='page_1' title='image "./ciuliicaesarisc01hoffgoog_0011.png"; bbox 0 0 2430 4028; ppageno 0'>
   <div class='ocr_carea' id='block_1_1' title="bbox 154 245 822 309">
    <p class='ocr_par' dir='ltr' id='par_1_1' title="bbox 154 245 822 309">
     <span class='ocr_line' id='line_1_1' title="bbox 154 245 822 309; baseline 0.006 -17"><span class='ocrx_word' id='word_1_1' title='bbox 154 248 175 309; x_wconf 77' lang='lat'><strong>2</strong></span> <span class='ocrx_word' id='word_1_2' title='bbox 456 246 506 294; x_wconf 83' lang='lat' dir='ltr'><strong>on</strong></span> <span class='ocrx_word' id='word_1_3' title='bbox 524 246 644 295; x_wconf 80' lang='lat' dir='ltr'><strong>annno</strong></span> <span class='ocrx_word' id='word_1_4' title='bbox 665 245 822 296; x_wconf 79' lang='lat' dir='ltr'><strong>elunrco</strong></span> 
     </span>
    </p>
   </div>
   <div class='ocr_carea' id='block_1_2' title="bbox 133 434 1145 3628">
    <p class='ocr_par' dir='ltr' id='par_1_2' title="bbox 133 434 1140 2593">
     <span class='ocr_line' id='line_1_2' title="bbox 133 434 1129 521; baseline -0.005 -17"><span class='ocrx_word' id='word_1_5' title='bbox 133 437 307 504; x_wconf 79' lang='lat' dir='ltr'><strong>oMatrona</strong></span> <span class='ocrx_word' id='word_1_6' title='bbox 335 445 368 501; x_wconf 93' lang='lat' dir='ltr'><strong>et</strong></span> <span class='ocrx_word' id='word_1_7' title='bbox 389 435 542 521; x_wconf 80' lang='lat' dir='ltr'><strong>Sequana</strong></span> <span class='ocrx_word' id='word_1_8' title='bbox 567 434 691 502; x_wconf 86' lang='lat' dir='ltr'><strong>dividit.</strong></span> <span class='ocrx_word' id='word_1_9' title='bbox 736 435 864 501; x_wconf 91' lang='lat' dir='ltr'><strong>Horum</strong></span> <span class='ocrx_word' id='word_1_10' title='bbox 890 438 1034 501; x_wconf 90' lang='lat' dir='ltr'><strong>omnium</strong></span> <span class='ocrx_word' id='word_1_11' title='bbox 1065 437 1129 501; x_wconf 87' lang='lat' dir='ltr'><strong>for-</strong></span> 
     </span>
     <span class='ocr_line' id='line_1_3' title="bbox 155 539 1134 626; baseline -0.002 -21"><span class='ocrx_word' id='word_1_12' title='bbox 155 540 271 605; x_wconf 87' lang='lat' dir='ltr'><strong>tissimi</strong></span> <span class='ocrx_word' id='word_1_13' title='bbox 296 549 370 604; x_wconf 89' lang='lat' dir='ltr'><strong>sunt</strong></span> <span class='ocrx_word' id='word_1_14' title='bbox 394 539 533 623; x_wconf 81' lang='lat' dir='ltr'>Belgae,</span> <span class='ocrx_word' id='word_1_15' title='bbox 562 548 737 626; x_wconf 92' lang='lat' dir='ltr'><strong>propterea</strong></span> <span class='ocrx_word' id='word_1_16' title='bbox 761 540 849 625; x_wconf 89' lang='lat' dir='ltr'><strong>quod</strong></span> <span class='ocrx_word' id='word_1_17' title='bbox 879 563 899 605; x_wconf 96' lang='lat' dir='ltr'><strong>a</strong></span> <span class='ocrx_word' id='word_1_18' title='bbox 922 539 1012 605; x_wconf 88' lang='lat' dir='ltr'><strong>cultu</strong></span> <span class='ocrx_word' id='word_1_19' title='bbox 1035 549 1134 624; x_wconf 90' lang='lat' dir='ltr'><strong>atque</strong></span> 
     </span>
     <span class='ocr_line' id='line_1_4' title="bbox 155 642 1133 729; baseline -0.004 -19"><span class='ocrx_word' id='word_1_20' title='bbox 155 645 358 710; x_wconf 82' lang='lat' dir='ltr'><strong>humanitate</strong></span> <span class='ocrx_word' id='word_1_21' title='bbox 374 644 563 729; x_wconf 91' lang='lat' dir='ltr'><strong>provinciae</strong></span> <span class='ocrx_word' id='word_1_22' title='bbox 579 642 769 726; x_wconf 81' lang='lat' dir='ltr'><strong>longissime</strong></span> <span class='ocrx_word' id='word_1_23' title='bbox 784 643 914 726; x_wconf 86' lang='lat' dir='ltr'><strong>absunt,</strong></span> <span class='ocrx_word' id='word_1_24' title='bbox 938 645 1133 727; x_wconf 90' lang='lat' dir='ltr'><strong>minimeque</strong></span> 
     </span>
     <span class='ocr_line' id='line_1_5' title="bbox 156 747 1134 832; baseline -0.004 -19"><span class='ocrx_word' id='word_1_25' title='bbox 156 747 199 814; x_wconf 88' lang='lat' dir='ltr'><strong>ad</strong></span> <span class='ocrx_word' id='word_1_26' title='bbox 222 770 279 812; x_wconf 89' lang='lat' dir='ltr'><strong>eos</strong></span> <span class='ocrx_word' id='word_1_27' title='bbox 303 755 501 811; x_wconf 83' lang='lat' dir='ltr'><strong>mercatores</strong></span> <span class='ocrx_word' id='word_1_28' title='bbox 526 768 624 830; x_wconf 85' lang='lat' dir='ltr'><strong>saepe</strong></span> <span class='ocrx_word' id='word_1_29' title='bbox 648 757 833 811; x_wconf 88' lang='lat' dir='ltr'><strong>commeant</strong></span> <span class='ocrx_word' id='word_1_30' title='bbox 856 756 953 832; x_wconf 91' lang='lat' dir='ltr'><strong>atque</strong></span> <span class='ocrx_word' id='word_1_31' title='bbox 977 769 1025 828; x_wconf 91' lang='lat' dir='ltr'><strong>ea,</strong></span> <span class='ocrx_word' id='word_1_32' title='bbox 1050 769 1134 830; x_wconf 90' lang='lat' dir='ltr'><strong>quae</strong></span> 
     </span>
     <span class='ocr_line' id='line_1_6' title="bbox 156 849 1134 936; baseline -0.002 -22"><span class='ocrx_word' id='word_1_33' title='bbox 156 850 200 914; x_wconf 90' lang='lat' dir='ltr'><strong>ad</strong></span> <span class='ocrx_word' id='word_1_34' title='bbox 223 849 458 914; x_wconf 89' lang='lat' dir='ltr'><strong>effeminandos</strong></span> <span class='ocrx_word' id='word_1_35' title='bbox 479 851 605 914; x_wconf 88' lang='lat' dir='ltr'><strong>animos</strong></span> <span class='ocrx_word' id='word_1_36' title='bbox 622 852 793 934; x_wconf 82' lang='lat' dir='ltr'><strong>pertinent,</strong></span> <span class='ocrx_word' id='word_1_37' title='bbox 818 853 1005 936; x_wconf 87' lang='lat' dir='ltr'><strong>important,</strong></span> <span class='ocrx_word' id='word_1_38' title='bbox 1025 850 1134 934; x_wconf 86' lang='lat' dir='ltr'><strong>proxi·</strong></span> 
     </span>
     <span class='ocr_line' id='line_1_7' title="bbox 157 953 1134 1039; baseline -0.001 -22"><span class='ocrx_word' id='word_1_39' title='bbox 157 955 265 1039; x_wconf 91' lang='lat' dir='ltr'><strong>mique</strong></span> <span class='ocrx_word' id='word_1_40' title='bbox 289 963 364 1018; x_wconf 89' lang='lat' dir='ltr'><strong>sunt</strong></span> <span class='ocrx_word' id='word_1_41' title='bbox 387 953 575 1033; x_wconf 91' lang='lat' dir='ltr'><strong>Germanis,</strong></span> <span class='ocrx_word' id='word_1_42' title='bbox 606 956 660 1038; x_wconf 94' lang='lat' dir='ltr'><strong>qui</strong></span> <span class='ocrx_word' id='word_1_43' title='bbox 683 962 774 1019; x_wconf 86' lang='lat' dir='ltr'><strong>trans</strong></span> <span class='ocrx_word' id='word_1_44' title='bbox 802 953 951 1018; x_wconf 88' lang='lat' dir='ltr'><strong>Rhenum</strong></span> <span class='ocrx_word' id='word_1_45' title='bbox 977 953 1134 1034; x_wconf 91' lang='lat' dir='ltr'><strong>incolunt,</strong></span> 
     </span>
     <span class='ocr_line' id='line_1_8' title="bbox 135 1055 1136 1142; baseline -0.002 -20"><span class='ocrx_word' id='word_1_46' title='bbox 135 1055 352 1142; x_wconf 73' lang='lat' dir='ltr'><strong>aquibus&#39;cum</strong></span> <span class='ocrx_word' id='word_1_47' title='bbox 367 1059 571 1122; x_wconf 86' lang='lat' dir='ltr'><strong>continenter</strong></span> <span class='ocrx_word' id='word_1_48' title='bbox 588 1055 709 1122; x_wconf 93' lang='lat' dir='ltr'><strong>bellum</strong></span> <span class='ocrx_word' id='word_1_49' title='bbox 725 1067 852 1140; x_wconf 89' lang='lat' dir='ltr'><strong>gerunt.</strong></span> <span class='ocrx_word' id='word_1_50' title='bbox 878 1056 952 1137; x_wconf 80' lang='lat' dir='ltr'><strong>Qua</strong></span> <span class='ocrx_word' id='word_1_51' title='bbox 969 1058 1009 1122; x_wconf 89' lang='lat' dir='ltr'><strong>de</strong></span> <span class='ocrx_word' id='word_1_52' title='bbox 1033 1079 1136 1121; x_wconf 87' lang='lat' dir='ltr'><strong>causa</strong></span> 
     </span>
     <span class='ocr_line' id='line_1_9' title="bbox 158 1160 1135 1248; baseline 0 -24"><span class='ocrx_word' id='word_1_53' title='bbox 158 1161 300 1226; x_wconf 86' lang='lat' dir='ltr'><strong>Helvetii</strong></span> <span class='ocrx_word' id='word_1_54' title='bbox 324 1184 453 1246; x_wconf 92' lang='lat' dir='ltr'><strong>quoque</strong></span> <span class='ocrx_word' id='word_1_55' title='bbox 475 1162 618 1248; x_wconf 88' lang='lat' dir='ltr'><strong>reliquos</strong></span> <span class='ocrx_word' id='word_1_56' title='bbox 642 1160 759 1227; x_wconf 82' lang='lat' dir='ltr'><strong>Gallos</strong></span> <span class='ocrx_word' id='word_1_57' title='bbox 782 1162 901 1225; x_wconf 92' lang='lat' dir='ltr'><strong>virtute</strong></span> <span class='ocrx_word' id='word_1_58' title='bbox 924 1160 1135 1246; x_wconf 89' lang='lat' dir='ltr'><strong>praecedunt,</strong></span> 
     </span>
     <span class='ocr_line' id='line_1_10' title="bbox 159 1263 1137 1350; baseline 0 -22"><span class='ocrx_word' id='word_1_59' title='bbox 159 1263 247 1349; x_wconf 89' lang='lat' dir='ltr'><strong>quod</strong></span> <span class='ocrx_word' id='word_1_60' title='bbox 269 1264 337 1328; x_wconf 85' lang='lat' dir='ltr'><strong>fere</strong></span> <span class='ocrx_word' id='word_1_61' title='bbox 360 1265 533 1330; x_wconf 82' lang='lat' dir='ltr'><strong>cotidianis</strong></span> <span class='ocrx_word' id='word_1_62' title='bbox 557 1264 690 1350; x_wconf 86' lang='lat' dir='ltr'><strong>proeliis</strong></span> <span class='ocrx_word' id='word_1_63' title='bbox 713 1286 788 1329; x_wconf 90' lang='lat' dir='ltr'><strong>cum</strong></span> <span class='ocrx_word' id='word_1_64' title='bbox 805 1263 978 1329; x_wconf 88' lang='lat' dir='ltr'><strong>Germanis</strong></span> <span class='ocrx_word' id='word_1_65' title='bbox 1003 1273 1137 1329; x_wconf 92' lang='lat' dir='ltr'><strong>conten-</strong></span> 
     </span>
     <span class='ocr_line' id='line_1_11' title="bbox 159 1366 1136 1452; baseline -0.001 -21"><span class='ocrx_word' id='word_1_66' title='bbox 159 1366 251 1449; x_wconf 88' lang='lat' dir='ltr'><strong>dunt,</strong></span> <span class='ocrx_word' id='word_1_67' title='bbox 274 1389 349 1431; x_wconf 93' lang='lat' dir='ltr'><strong>cum</strong></span> <span class='ocrx_word' id='word_1_68' title='bbox 371 1377 429 1432; x_wconf 92' lang='lat' dir='ltr'><strong>aut</strong></span> <span class='ocrx_word' id='word_1_69' title='bbox 451 1370 518 1432; x_wconf 94' lang='lat' dir='ltr'><strong>suis</strong></span> <span class='ocrx_word' id='word_1_70' title='bbox 547 1367 668 1433; x_wconf 90' lang='lat' dir='ltr'><strong>finibus</strong></span> <span class='ocrx_word' id='word_1_71' title='bbox 698 1391 754 1433; x_wconf 90' lang='lat' dir='ltr'><strong>eos</strong></span> <span class='ocrx_word' id='word_1_72' title='bbox 779 1367 962 1452; x_wconf 91' lang='lat' dir='ltr'><strong>prohibent,</strong></span> <span class='ocrx_word' id='word_1_73' title='bbox 992 1376 1051 1431; x_wconf 90' lang='lat' dir='ltr'><strong>aut</strong></span> <span class='ocrx_word' id='word_1_74' title='bbox 1073 1369 1136 1450; x_wconf 93' lang='lat' dir='ltr'><strong>ipsi</strong></span> 
     </span>
     <span class='ocr_line' id='line_1_12' title="bbox 137 1470 1136 1555; baseline 0 -21"><span class='ocrx_word' id='word_1_75' title='bbox 137 1473 191 1535; x_wconf 78' lang='lat' dir='ltr'><strong>sin</strong></span> <span class='ocrx_word' id='word_1_76' title='bbox 215 1493 328 1535; x_wconf 92' lang='lat' dir='ltr'><strong>eorum</strong></span> <span class='ocrx_word' id='word_1_77' title='bbox 349 1470 470 1536; x_wconf 91' lang='lat' dir='ltr'><strong>finibus</strong></span> <span class='ocrx_word' id='word_1_78' title='bbox 493 1470 613 1536; x_wconf 92' lang='lat' dir='ltr'><strong>bellum</strong></span> <span class='ocrx_word' id='word_1_79' title='bbox 636 1481 763 1555; x_wconf 86' lang='lat' dir='ltr'><strong>gerunt.</strong></span> <span class='ocrx_word' id='word_1_80' title='bbox 807 1473 933 1536; x_wconf 83' lang='lat' dir='ltr'><strong>Eorum</strong></span> <span class='ocrx_word' id='word_1_81' title='bbox 960 1493 1136 1555; x_wconf 90' lang='lat' dir='ltr'><strong>unapars,</strong></span> 
     </span>
     <span class='ocr_line' id='line_1_13' title="bbox 160 1572 1138 1659; baseline -0.001 -21"><span class='ocrx_word' id='word_1_82' title='bbox 160 1596 258 1659; x_wconf 92' lang='lat' dir='ltr'><strong>quam</strong></span> <span class='ocrx_word' id='word_1_83' title='bbox 292 1572 408 1638; x_wconf 84' lang='lat' dir='ltr'><strong>Gallos</strong></span> <span class='ocrx_word' id='word_1_84' title='bbox 443 1573 589 1640; x_wconf 91' lang='lat' dir='ltr'><strong>obtinere</strong></span> <span class='ocrx_word' id='word_1_85' title='bbox 627 1575 750 1640; x_wconf 88' lang='lat' dir='ltr'><strong>dictum</strong></span> <span class='ocrx_word' id='word_1_86' title='bbox 784 1585 853 1658; x_wconf 90' lang='lat' dir='ltr'><strong>est,</strong></span> <span class='ocrx_word' id='word_1_87' title='bbox 889 1576 1015 1639; x_wconf 90' lang='lat' dir='ltr'><strong>initium</strong></span> <span class='ocrx_word' id='word_1_88' title='bbox 1049 1577 1138 1658; x_wconf 88' lang='lat' dir='ltr'><strong>capit</strong></span> 
     </span>
     <span class='ocr_line' id='line_1_14' title="bbox 160 1677 1137 1761; baseline -0.001 -19"><span class='ocrx_word' id='word_1_89' title='bbox 160 1700 181 1742; x_wconf 90' lang='lat' dir='ltr'><strong>a</strong></span> <span class='ocrx_word' id='word_1_90' title='bbox 207 1677 341 1742; x_wconf 88' lang='lat' dir='ltr'><strong>flumine</strong></span> <span class='ocrx_word' id='word_1_91' title='bbox 374 1678 551 1761; x_wconf 71' lang='lat' dir='ltr'><strong>Rhodano,</strong></span> <span class='ocrx_word' id='word_1_92' title='bbox 586 1680 771 1744; x_wconf 89' lang='lat' dir='ltr'><strong>continetur</strong></span> <span class='ocrx_word' id='word_1_93' title='bbox 800 1677 969 1742; x_wconf 84' lang='lat' dir='ltr'><strong>Garumna</strong></span> <span class='ocrx_word' id='word_1_94' title='bbox 995 1678 1137 1760; x_wconf 87' lang='lat' dir='ltr'><strong>flumine,</strong></span> 
     </span>
     <span class='ocr_line' id='line_1_15' title="bbox 162 1779 1139 1866; baseline -0.001 -21"><span class='ocrx_word' id='word_1_95' title='bbox 162 1779 311 1864; x_wconf 89' lang='lat' dir='ltr'><strong>Oceano,</strong></span> <span class='ocrx_word' id='word_1_96' title='bbox 340 1781 460 1845; x_wconf 90' lang='lat' dir='ltr'><strong>finibus</strong></span> <span class='ocrx_word' id='word_1_97' title='bbox 482 1781 674 1865; x_wconf 77' lang='lat' dir='ltr'><strong>Belgarum3</strong></span> <span class='ocrx_word' id='word_1_98' title='bbox 710 1783 842 1866; x_wconf 85' lang='lat' dir='ltr'><strong>attingit</strong></span> <span class='ocrx_word' id='word_1_99' title='bbox 875 1782 974 1846; x_wconf 90' lang='lat' dir='ltr'><strong>etiam</strong></span> <span class='ocrx_word' id='word_1_100' title='bbox 1008 1779 1050 1845; x_wconf 95' lang='lat' dir='ltr'><strong>ab</strong></span> <span class='ocrx_word' id='word_1_101' title='bbox 1082 1780 1139 1845; x_wconf 87' lang='lat' dir='ltr'><strong>Se·</strong></span> 
     </span>
     <span class='ocr_line' id='line_1_16' title="bbox 161 1882 1137 1970; baseline 0 -23"><span class='ocrx_word' id='word_1_102' title='bbox 161 1885 277 1969; x_wconf 92' lang='lat' dir='ltr'><strong>quanis</strong></span> <span class='ocrx_word' id='word_1_103' title='bbox 300 1896 333 1950; x_wconf 90' lang='lat' dir='ltr'><strong>et</strong></span> <span class='ocrx_word' id='word_1_104' title='bbox 355 1883 517 1949; x_wconf 89' lang='lat' dir='ltr'><strong>Helvetiis</strong></span> <span class='ocrx_word' id='word_1_105' title='bbox 540 1884 660 1949; x_wconf 89' lang='lat' dir='ltr'><strong>fiumen</strong></span> <span class='ocrx_word' id='word_1_106' title='bbox 684 1882 846 1968; x_wconf 67' lang='lat' dir='ltr'><strong>Rhenum,</strong></span> <span class='ocrx_word' id='word_1_107' title='bbox 871 1885 976 1970; x_wconf 89' lang='lat' dir='ltr'><strong>vergit</strong></span> <span class='ocrx_word' id='word_1_108' title='bbox 998 1884 1042 1949; x_wconf 89' lang='lat' dir='ltr'><strong>ad</strong></span> <span class='ocrx_word' id='word_1_109' title='bbox 1065 1906 1137 1966; x_wconf 92' lang='lat' dir='ltr'><strong>sep-</strong></span> 
     </span>
     <span class='ocr_line' id='line_1_17' title="bbox 139 1984 1138 2071; baseline -0.004 -19"><span class='ocrx_word' id='word_1_110' title='bbox 139 1989 350 2054; x_wconf 84' lang='lat' dir='ltr'><strong>stentriones.</strong></span> <span class='ocrx_word' id='word_1_111' title='bbox 411 1987 533 2071; x_wconf 85' lang='lat' dir='ltr'><strong>Belgae</strong></span> <span class='ocrx_word' id='word_1_112' title='bbox 570 1985 612 2052; x_wconf 93' lang='lat' dir='ltr'><strong>ab</strong></span> <span class='ocrx_word' id='word_1_113' title='bbox 654 1989 809 2052; x_wconf 85' lang='lat' dir='ltr'><strong>extremis</strong></span> <span class='ocrx_word' id='word_1_114' title='bbox 848 1986 977 2052; x_wconf 90' lang='lat' dir='ltr'><strong>Galliae</strong></span> <span class='ocrx_word' id='word_1_115' title='bbox 1018 1984 1138 2051; x_wconf 90' lang='lat' dir='ltr'><strong>finibus</strong></span> 
     </span>
     <span class='ocr_line' id='line_1_18' title="bbox 163 2088 1140 2175; baseline -0.004 -19"><span class='ocrx_word' id='word_1_116' title='bbox 163 2093 325 2173; x_wconf 67' lang='lat' dir='ltr'><strong>oriuntur,</strong></span> <span class='ocrx_word' id='word_1_117' title='bbox 361 2092 522 2175; x_wconf 90' lang='lat' dir='ltr'><strong>pertinent</strong></span> <span class='ocrx_word' id='word_1_118' title='bbox 549 2088 592 2155; x_wconf 90' lang='lat' dir='ltr'><strong>ad</strong></span> <span class='ocrx_word' id='word_1_119' title='bbox 626 2090 813 2155; x_wconf 87' lang='lat' dir='ltr'><strong>inferiorem</strong></span> <span class='ocrx_word' id='word_1_120' title='bbox 843 2099 968 2175; x_wconf 89' lang='lat' dir='ltr'><strong>partem</strong></span> <span class='ocrx_word' id='word_1_121' title='bbox 997 2090 1140 2154; x_wconf 91' lang='lat' dir='ltr'><strong>fluminis</strong></span> 
     </span>
     <span class='ocr_line' id='line_1_19' title="bbox 161 2193 1139 2279; baseline -0.001 -20"><span class='ocrx_word' id='word_1_122' title='bbox 161 2195 283 2276; x_wconf 71' lang='lat' dir='ltr'><strong>Rheni,</strong></span> <span class='ocrx_word' id='word_1_123' title='bbox 306 2204 457 2279; x_wconf 88' lang='lat' dir='ltr'><strong>spectent</strong></span> <span class='ocrx_word' id='word_1_124' title='bbox 473 2197 505 2258; x_wconf 93' lang='lat' dir='ltr'><strong>in</strong></span> <span class='ocrx_word' id='word_1_125' title='bbox 523 2196 777 2278; x_wconf 89' lang='lat' dir='ltr'><strong>septentrionem</strong></span> <span class='ocrx_word' id='word_1_126' title='bbox 799 2204 832 2260; x_wconf 91' lang='lat' dir='ltr'><strong>et</strong></span> <span class='ocrx_word' id='word_1_127' title='bbox 848 2196 1005 2259; x_wconf 87' lang='lat' dir='ltr'><strong>orientem</strong></span> <span class='ocrx_word' id='word_1_128' title='bbox 1026 2193 1139 2259; x_wconf 84' lang='lat' dir='ltr'><strong>solem.</strong></span> 
     </span>
     <span class='ocr_line' id='line_1_20' title="bbox 142 2297 1140 2384; baseline 0.001 -23"><span class='ocrx_word' id='word_1_129' title='bbox 142 2297 341 2383; x_wconf 78' lang='lat' dir='ltr'><strong>rAquitania</strong></span> <span class='ocrx_word' id='word_1_130' title='bbox 364 2320 384 2362; x_wconf 92' lang='lat' dir='ltr'><strong>a</strong></span> <span class='ocrx_word' id='word_1_131' title='bbox 401 2298 570 2363; x_wconf 90' lang='lat' dir='ltr'><strong>Garumna</strong></span> <span class='ocrx_word' id='word_1_132' title='bbox 592 2298 725 2363; x_wconf 88' lang='lat' dir='ltr'><strong>flumine</strong></span> <span class='ocrx_word' id='word_1_133' title='bbox 748 2298 791 2362; x_wconf 89' lang='lat' dir='ltr'><strong>ad</strong></span> <span class='ocrx_word' id='word_1_134' title='bbox 806 2299 994 2384; x_wconf 89' lang='lat' dir='ltr'><strong>Pyrenaeos</strong></span> <span class='ocrx_word' id='word_1_135' title='bbox 1012 2307 1140 2363; x_wconf 90' lang='lat' dir='ltr'><strong>montes</strong></span> 
     </span>
     <span class='ocr_line' id='line_1_21' title="bbox 163 2394 1140 2487; baseline -0.003 -20"><span class='ocrx_word' id='word_1_136' title='bbox 163 2394 195 2467; x_wconf 89' lang='lat' dir='ltr'><strong>et</strong></span> <span class='ocrx_word' id='word_1_137' title='bbox 229 2423 302 2465; x_wconf 89' lang='lat' dir='ltr'><strong>eam</strong></span> <span class='ocrx_word' id='word_1_138' title='bbox 335 2410 462 2487; x_wconf 89' lang='lat' dir='ltr'><strong>partem</strong></span> <span class='ocrx_word' id='word_1_139' title='bbox 491 2400 630 2485; x_wconf 86' lang='lat' dir='ltr'><strong>Oceani,</strong></span> <span class='ocrx_word' id='word_1_140' title='bbox 668 2425 752 2487; x_wconf 91' lang='lat' dir='ltr'><strong>quae</strong></span> <span class='ocrx_word' id='word_1_141' title='bbox 780 2412 830 2466; x_wconf 89' lang='lat' dir='ltr'><strong>est</strong></span> <span class='ocrx_word' id='word_1_142' title='bbox 863 2401 907 2467; x_wconf 91' lang='lat' dir='ltr'><strong>ad</strong></span> <span class='ocrx_word' id='word_1_143' title='bbox 933 2401 1140 2487; x_wconf 86' lang='lat' dir='ltr'><strong>Hispaniam,</strong></span> 
     </span>
     <span class='ocr_line' id='line_1_22' title="bbox 163 2506 1139 2593; baseline -0.004 -23"><span class='ocrx_word' id='word_1_144' title='bbox 163 2508 317 2593; x_wconf 72' lang='lat' dir='ltr'><strong>pertinet,</strong></span> <span class='ocrx_word' id='word_1_145' title='bbox 335 2515 463 2591; x_wconf 86' lang='lat' dir='ltr'><strong>spectat</strong></span> <span class='ocrx_word' id='word_1_146' title='bbox 477 2508 563 2571; x_wconf 92' lang='lat' dir='ltr'><strong>inter</strong></span> <span class='ocrx_word' id='word_1_147' title='bbox 579 2528 734 2571; x_wconf 88' lang='lat' dir='ltr'><strong>occasum</strong></span> <span class='ocrx_word' id='word_1_148' title='bbox 751 2506 831 2571; x_wconf 90' lang='lat' dir='ltr'><strong>solis</strong></span> <span class='ocrx_word' id='word_1_149' title='bbox 847 2515 879 2570; x_wconf 92' lang='lat' dir='ltr'><strong>et</strong></span> <span class='ocrx_word' id='word_1_150' title='bbox 892 2506 1139 2590; x_wconf 88' lang='lat' dir='ltr'><strong>septentriones.</strong></span> 
     </span>
    </p>

    <p class='ocr_par' dir='ltr' id='par_1_3' title="bbox 145 2607 1145 3628">
     <span class='ocr_line' id='line_1_23' title="bbox 249 2607 1142 2695; baseline -0.001 -23"><span class='ocrx_word' id='word_1_151' title='bbox 249 2609 279 2672; x_wconf 80' lang='lat'><strong>2.</strong></span> <span class='ocrx_word' id='word_1_152' title='bbox 302 2609 402 2695; x_wconf 89' lang='lat' dir='ltr'><strong>Apud</strong></span> <span class='ocrx_word' id='word_1_153' title='bbox 431 2608 602 2674; x_wconf 86' lang='lat' dir='ltr'><strong>Helvetios</strong></span> <span class='ocrx_word' id='word_1_154' title='bbox 630 2609 727 2693; x_wconf 91' lang='lat' dir='ltr'><strong>longe</strong></span> <span class='ocrx_word' id='word_1_155' title='bbox 756 2607 979 2673; x_wconf 85' lang='lat' dir='ltr'><strong>nobilissimus</strong></span> <span class='ocrx_word' id='word_1_156' title='bbox 1012 2609 1074 2672; x_wconf 83' lang='lat' dir='ltr'><strong>fuit</strong></span> <span class='ocrx_word' id='word_1_157' title='bbox 1109 2618 1142 2672; x_wconf 91' lang='lat' dir='ltr'><strong>et</strong></span> 
     </span>
     <span class='ocr_line' id='line_1_24' title="bbox 165 2711 1142 2798; baseline -0.004 -20"><span class='ocrx_word' id='word_1_158' title='bbox 165 2714 343 2778; x_wconf 90' lang='lat' dir='ltr'><strong>ditissimus</strong></span> <span class='ocrx_word' id='word_1_159' title='bbox 373 2713 559 2798; x_wconf 85' lang='lat' dir='ltr'><strong>Orgetorix.</strong></span> <span class='ocrx_word' id='word_1_160' title='bbox 591 2714 623 2778; x_wconf 90' lang='lat' dir='ltr'><strong>Is</strong></span> <span class='ocrx_word' id='word_1_161' title='bbox 652 2713 698 2778; x_wconf 86' lang='lat' dir='ltr'><strong>M.</strong></span> <span class='ocrx_word' id='word_1_162' title='bbox 721 2712 867 2779; x_wconf 91' lang='lat' dir='ltr'><strong>Messala</strong></span> <span class='ocrx_word' id='word_1_163' title='bbox 897 2720 929 2776; x_wconf 96' lang='lat' dir='ltr'><strong>et</strong></span> <span class='ocrx_word' id='word_1_164' title='bbox 955 2711 999 2776; x_wconf 89' lang='lat' dir='ltr'><strong>M.</strong></span> <span class='ocrx_word' id='word_1_165' title='bbox 1022 2712 1142 2775; x_wconf 88' lang='lat' dir='ltr'><strong>Pisone</strong></span> 
     </span>
     <span class='ocr_line' id='line_1_25' title="bbox 165 2816 1142 2902; baseline -0.005 -18"><span class='ocrx_word' id='word_1_166' title='bbox 165 2817 354 2884; x_wconf 91' lang='lat' dir='ltr'><strong>consulibus</strong></span> <span class='ocrx_word' id='word_1_167' title='bbox 377 2820 469 2902; x_wconf 89' lang='lat' dir='ltr'><strong>regni</strong></span> <span class='ocrx_word' id='word_1_168' title='bbox 493 2817 672 2902; x_wconf 91' lang='lat' dir='ltr'><strong>cupiditate</strong></span> <span class='ocrx_word' id='word_1_169' title='bbox 701 2816 851 2882; x_wconf 90' lang='lat' dir='ltr'><strong>inductus</strong></span> <span class='ocrx_word' id='word_1_170' title='bbox 884 2817 1142 2880; x_wconf 90' lang='lat' dir='ltr'><strong>coniurationem</strong></span> 
     </span>
     <span class='ocr_line' id='line_1_26' title="bbox 165 2917 1142 3005; baseline -0.006 -18"><span class='ocrx_word' id='word_1_171' title='bbox 165 2921 345 2987; x_wconf 87' lang='lat' dir='ltr'><strong>nobilitatis</strong></span> <span class='ocrx_word' id='word_1_172' title='bbox 379 2921 456 2985; x_wconf 83' lang='lat' dir='ltr'><strong>fecit</strong></span> <span class='ocrx_word' id='word_1_173' title='bbox 489 2931 521 2986; x_wconf 89' lang='lat' dir='ltr'><strong>et</strong></span> <span class='ocrx_word' id='word_1_174' title='bbox 543 2921 667 2985; x_wconf 91' lang='lat' dir='ltr'><strong>civitati</strong></span> <span class='ocrx_word' id='word_1_175' title='bbox 691 2921 867 3005; x_wconf 92' lang='lat' dir='ltr'><strong>persuasit,</strong></span> <span class='ocrx_word' id='word_1_176' title='bbox 902 2929 937 2982; x_wconf 93' lang='lat' dir='ltr'><strong>ut</strong></span> <span class='ocrx_word' id='word_1_177' title='bbox 961 2917 1000 2983; x_wconf 89' lang='lat' dir='ltr'><strong>de</strong></span> <span class='ocrx_word' id='word_1_178' title='bbox 1022 2918 1142 2982; x_wconf 91' lang='lat' dir='ltr'><strong>finibus</strong></span> 
     </span>
     <span class='ocr_line' id='line_1_27' title="bbox 145 3021 1142 3108; baseline -0.004 -18"><span class='ocrx_word' id='word_1_179' title='bbox 145 3028 234 3098; x_wconf 77' lang='lat' dir='ltr'><strong>2suis</strong></span> <span class='ocrx_word' id='word_1_180' title='bbox 268 3048 343 3090; x_wconf 91' lang='lat' dir='ltr'><strong>cum</strong></span> <span class='ocrx_word' id='word_1_181' title='bbox 377 3025 528 3090; x_wconf 93' lang='lat' dir='ltr'><strong>omnibus</strong></span> <span class='ocrx_word' id='word_1_182' title='bbox 558 3025 662 3108; x_wconf 90' lang='lat' dir='ltr'><strong>copiis</strong></span> <span class='ocrx_word' id='word_1_183' title='bbox 692 3023 837 3088; x_wconf 86' lang='lat' dir='ltr'><strong>exirent:</strong></span> <span class='ocrx_word' id='word_1_184' title='bbox 871 3021 1025 3107; x_wconf 91' lang='lat' dir='ltr'><strong>perfacile</strong></span> <span class='ocrx_word' id='word_1_185' title='bbox 1059 3045 1142 3105; x_wconf 91' lang='lat' dir='ltr'><strong>csse,</strong></span> 
     </span>
     <span class='ocr_line' id='line_1_28' title="bbox 167 3124 1143 3212; baseline -0.005 -18"><span class='ocrx_word' id='word_1_186' title='bbox 167 3151 241 3194; x_wconf 92' lang='lat' dir='ltr'><strong>cum</strong></span> <span class='ocrx_word' id='word_1_187' title='bbox 263 3130 382 3193; x_wconf 89' lang='lat' dir='ltr'><strong>virtute</strong></span> <span class='ocrx_word' id='word_1_188' title='bbox 406 3126 556 3193; x_wconf 90' lang='lat' dir='ltr'><strong>omnibus</strong></span> <span class='ocrx_word' id='word_1_189' title='bbox 576 3135 790 3212; x_wconf 88' lang='lat' dir='ltr'><strong>praestarent,</strong></span> <span class='ocrx_word' id='word_1_190' title='bbox 815 3127 914 3190; x_wconf 89' lang='lat' dir='ltr'><strong>totius</strong></span> <span class='ocrx_word' id='word_1_191' title='bbox 932 3124 1062 3189; x_wconf 88' lang='lat' dir='ltr'><strong>Galliae</strong></span> <span class='ocrx_word' id='word_1_192' title='bbox 1085 3126 1143 3189; x_wconf 91' lang='lat' dir='ltr'><strong>im-</strong></span> 
     </span>
     <span class='ocr_line' id='line_1_29' title="bbox 145 3228 1142 3319; baseline -0.009 -18"><span class='ocrx_word' id='word_1_193' title='bbox 145 3234 257 3319; x_wconf 78' lang='lat' dir='ltr'><strong>aperio</strong></span> <span class='ocrx_word' id='word_1_194' title='bbox 288 3233 396 3317; x_wconf 86' lang='lat' dir='ltr'><strong>potiri.</strong></span> <span class='ocrx_word' id='word_1_195' title='bbox 440 3231 481 3296; x_wconf 89' lang='lat' dir='ltr'><strong>Id</strong></span> <span class='ocrx_word' id='word_1_196' title='bbox 513 3231 576 3296; x_wconf 95' lang='lat' dir='ltr'><strong>hoc</strong></span> <span class='ocrx_word' id='word_1_197' title='bbox 598 3230 728 3296; x_wconf 84' lang='lat' dir='ltr'><strong>facilius</strong></span> <span class='ocrx_word' id='word_1_198' title='bbox 762 3230 808 3294; x_wconf 91' lang='lat' dir='ltr'><strong>eis</strong></span> <span class='ocrx_word' id='word_1_199' title='bbox 844 3228 1019 3313; x_wconf 89' lang='lat' dir='ltr'><strong>persuasit,</strong></span> <span class='ocrx_word' id='word_1_200' title='bbox 1056 3229 1142 3313; x_wconf 93' lang='lat' dir='ltr'><strong>quod</strong></span> 
     </span>
     <span class='ocr_line' id='line_1_30' title="bbox 167 3334 1145 3420; baseline -0.007 -18"><span class='ocrx_word' id='word_1_201' title='bbox 167 3335 311 3420; x_wconf 85' lang='lat' dir='ltr'><strong>undique</strong></span> <span class='ocrx_word' id='word_1_202' title='bbox 336 3335 402 3400; x_wconf 92' lang='lat' dir='ltr'><strong>loci</strong></span> <span class='ocrx_word' id='word_1_203' title='bbox 430 3346 549 3400; x_wconf 91' lang='lat' dir='ltr'><strong>natura</strong></span> <span class='ocrx_word' id='word_1_204' title='bbox 577 3334 720 3400; x_wconf 90' lang='lat' dir='ltr'><strong>Helvetii</strong></span> <span class='ocrx_word' id='word_1_205' title='bbox 749 3337 970 3399; x_wconf 90' lang='lat' dir='ltr'><strong>continentur:</strong></span> <span class='ocrx_word' id='word_1_206' title='bbox 1006 3355 1073 3397; x_wconf 91' lang='lat' dir='ltr'><strong>una</strong></span> <span class='ocrx_word' id='word_1_207' title='bbox 1103 3355 1145 3396; x_wconf 85' lang='lat' dir='ltr'><strong>ex</strong></span> 
     </span>
     <span class='ocr_line' id='line_1_31' title="bbox 167 3436 1145 3526; baseline -0.006 -21"><span class='ocrx_word' id='word_1_208' title='bbox 167 3449 260 3526; x_wconf 92' lang='lat' dir='ltr'><strong>parte</strong></span> <span class='ocrx_word' id='word_1_209' title='bbox 283 3439 416 3505; x_wconf 90' lang='lat' dir='ltr'><strong>flumine</strong></span> <span class='ocrx_word' id='word_1_210' title='bbox 437 3440 562 3522; x_wconf 85' lang='lat' dir='ltr'><strong>Rheno,</strong></span> <span class='ocrx_word' id='word_1_211' title='bbox 593 3438 752 3504; x_wconf 87' lang='lat' dir='ltr'><strong>latissimo</strong></span> <span class='ocrx_word' id='word_1_212' title='bbox 775 3448 873 3522; x_wconf 88' lang='lat' dir='ltr'><strong>atque</strong></span> <span class='ocrx_word' id='word_1_213' title='bbox 897 3436 1067 3518; x_wconf 88' lang='lat' dir='ltr'><strong>altissimo,</strong></span> <span class='ocrx_word' id='word_1_214' title='bbox 1090 3438 1145 3520; x_wconf 91' lang='lat' dir='ltr'><strong>qui</strong></span> 
     </span>
     <span class='ocr_line' id='line_1_32' title="bbox 168 3540 1145 3628; baseline -0.004 -20"><span class='ocrx_word' id='word_1_215' title='bbox 168 3566 283 3628; x_wconf 86' lang='lat' dir='ltr'><strong>agrum</strong></span> <span class='ocrx_word' id='word_1_216' title='bbox 318 3543 504 3608; x_wconf 87' lang='lat' dir='ltr'><strong>Helvetium</strong></span> <span class='ocrx_word' id='word_1_217' title='bbox 538 3567 557 3607; x_wconf 92' lang='lat' dir='ltr'><strong>a</strong></span> <span class='ocrx_word' id='word_1_218' title='bbox 591 3542 764 3607; x_wconf 87' lang='lat' dir='ltr'><strong>Germanis</strong></span> <span class='ocrx_word' id='word_1_219' title='bbox 800 3541 931 3623; x_wconf 71' lang='lat' dir='ltr'><strong>dividit,</strong></span> <span class='ocrx_word' id='word_1_220' title='bbox 965 3540 1069 3604; x_wconf 89' lang='lat' dir='ltr'><strong>altera</strong></span> <span class='ocrx_word' id='word_1_221' title='bbox 1103 3564 1145 3604; x_wconf 84' lang='lat' dir='ltr'><strong>cx</strong></span> 
     </span>
    </p>
   </div>
   <div class='ocr_carea' id='block_1_3' title="bbox 0 0 1236 4028">
    <p class='ocr_par' dir='ltr' id='par_1_4' title="bbox 0 0 1236 4028">
     <span class='ocr_line' id='line_1_33' title="bbox 0 0 1236 4028; baseline 0 0"><span class='ocrx_word' id='word_1_222' title='bbox 0 0 1236 4028; x_wconf 95' lang='lat' dir='ltr'><strong> </strong></span> 
     </span>
    </p>
   </div>
  </div>
 </body>
</html>
