2430 4028
182 279 224 344 83
490 280 540 329 nn
560 280 679 330 nanno
699 275 858 330 ernnrco

158 472 321 555 regminis
342 471 447 535 nostri
471 469 647 533 venissent.
670 469 708 533 In
732 490 771 534 eo
795 467 922 553 proelio
938 491 982 534 ex
997 470 1165 556 equitibus

159 575 302 640 snostris
326 573 565 638 interficiuntur
580 581 735 658 quattuor
758 582 791 636 et
814 573 1037 658 septuaginta,
1062 577 1100 641 in
1119 576 1166 641 his

183 679 235 741 vir
262 678 461 742 fortissimus
485 677 560 741 Piso
586 676 786 761 Aquitanas,
817 676 1022 762 amplissimo
1044 701 1167 763 genere

181 791 288 859 natus,
312 783 405 846 euius
428 803 511 845 avus
535 782 717 844 incivitate
734 803 794 845 sua
815 803 952 865 regnam
976 779 1167 848 obtinuerat

159 887 308 951 samicus
332 885 373 949 ab
398 895 512 950 senatu
536 892 649 949 nostro
667 883 863 969 appellatus.
890 884 955 948 Hic
971 907 1047 950 cum
1073 887 1165 952 fratri

181 988 357 1055 intercluso
382 987 424 1052 ab
448 987 597 1053 hostibus
620 987 779 1053 auxilium
801 988 909 1068 ferret,
933 986 1029 1053 illum
1051 1013 1097 1054 ex
1117 1012 1165 1075 pe-

181 1092 285 1157 riculo
309 1093 436 1177 eripuit,
467 1094 539 1177 ipsc
561 1113 646 1176 equo
670 1090 841 1155 vulnerato
865 1090 1023 1171 deiectus,
1054 1093 1165 1177 quoad

159 1197 299 1280 spotuit,
324 1195 502 1259 fortissime
524 1195 658 1274 restitit,
691 1216 765 1258 cum
788 1195 1030 1260 circumventus
1053 1197 1164 1262 multis

182 1297 371 1363 vulneribus
396 1299 542 1382 acceptis
566 1297 755 1376 cecidisset,
783 1306 882 1383 atque
904 1297 939 1361 id
961 1297 1081 1382 frater,
1113 1300 1164 1384 qni

183 1402 249 1467 iam
273 1402 399 1486 proelio
423 1411 626 1482 excesserat,
658 1400 772 1485 procul
795 1400 1098 1485 animadvertisset,
1120 1404 1165 1468 in·

182 1509 385 1592 citatosque
409 1528 444 1569 se
459 1504 610 1570 hostibus
634 1504 751 1570 obtulit
767 1513 866 1590 atqua
887 1504 1082 1571 interfectus
1106 1515 1163 1572 cst

270 1608 319 1672 13.
344 1609 418 1672 Hoc
434 1609 521 1672 facto
538 1607 663 1692 proelio
682 1606 806 1672 Caesar
820 1628 926 1693 neque
948 1607 1016 1673 iam
1040 1607 1109 1674 sibi
1123 1610 1164 1675 le

182 1722 278 1797 gatos
302 1709 485 1776 audiendos
500 1733 605 1795 neque
622 1710 832 1774 condiciones
848 1709 1063 1795 accipiendas
1080 1713 1165 1778 arbi·

181 1815 331 1881 trabatur
353 1814 397 1879 ab
419 1816 470 1897 iis,
495 1816 549 1900 qui
574 1836 632 1898 per
654 1813 766 1878 dolum
790 1824 888 1899 atque
904 1812 1044 1878 insidias
1060 1818 1164 1901 petita

160 1941 265 2005 space
286 1919 371 1984 ultro
388 1916 510 1982 bellum
526 1917 726 1999 intulissent3
751 1925 945 2002 exspectare
968 1939 1059 2002 vero,
1086 1919 1163 1985 dum

181 2023 325 2088 hostium
341 2023 456 2105 copiae
473 2030 669 2104 augerentur
686 2023 915 2106 equitatusque
934 2030 1162 2106 reverteretur,

159 2148 328 2192 asummae
351 2123 535 2189 dementiae
559 2146 630 2188 esse
645 2123 825 2205 iudicabat,
849 2133 881 2187 et
900 2123 1034 2207 cognita
1050 2123 1164 2192 Gallo·

179 2252 250 2293 rum
273 2228 469 2308 infirmitate,
499 2236 655 2312 quantum
678 2229 743 2290 iam
767 2226 855 2311 apud
880 2249 936 2291 eos
960 2226 1075 2294 hostes
1098 2253 1161 2294 uno

181 2331 305 2418 proelio
330 2330 537 2396 auctoritatis
560 2338 671 2394 essent
687 2331 865 2413 consecuti,
890 2331 1071 2416 sentiebat3
1096 2335 1163 2420 qui·

180 2436 241 2501 bus
265 2435 308 2500 ad
331 2435 472 2499 consilia
495 2432 657 2519 capienda
673 2432 752 2496 nihil
770 2435 868 2518 spatii
888 2434 1034 2500 dandum
1050 2438 1162 2502 existi·

159 2538 302 2603 smabat.
332 2538 394 2602 His
418 2539 605 2602 constitutis
628 2535 727 2601 rebus
751 2546 783 2601 et
798 2537 936 2602 consilio
953 2559 1030 2602 curn
1044 2537 1162 2626 legatis

180 2651 213 2706 et
241 2650 416 2727 quaestore
443 2642 703 2716 communicato,
732 2662 893 2726 nequem
921 2640 1008 2706 diem
1031 2663 1162 2727 pugnae

180 2745 472 2830 praetermitteret,
508 2743 787 2828 opportunissima
816 2764 868 2806 res
897 2742 1038 2827 accidit,
1074 2743 1162 2831 quod

181 2847 340 2932 postridie
363 2849 433 2910 eius
456 2845 521 2910 diei
538 2866 633 2909 mane
650 2844 765 2908 eadem
782 2855 812 2909 et
829 2846 966 2930 perfidia
982 2855 1015 2911 et
1031 2846 1162 2913 simula·

180 2952 269 3015 tione
297 2950 348 3014 usi
373 2948 528 3015 Germani
557 2950 744 3033 frequentes
775 2949 925 3014 omnibus
957 2950 1162 3036 principibus

181 3052 425 3139 maioribusque
446 3063 527 3118 natu
543 3051 699 3116 adhibitis
722 3053 766 3117 ad
788 3075 862 3118 eum
884 3055 916 3118 in
935 3065 1047 3120 castra
1068 3077 1164 3121 vene

159 3167 265 3236 arunt,
287 3157 392 3241 simul,
416 3167 452 3221 ut
475 3156 656 3235 dicebatur,
680 3157 729 3219 sui
753 3157 916 3242 purgandi
936 3179 1049 3240 eausa,
1074 3159 1163 3245 qnod

181 3271 305 3344 eontra,
322 3272 422 3347 atque
437 3271 525 3326 essct
541 3260 663 3324 dictum
680 3259 790 3344 stipsi
810 3262 977 3343 petissent,
1002 3261 1163 3346 proelium

181 3364 287 3449 pridie
309 3367 565 3445 commisissent,
597 3362 691 3428 simul
715 3371 765 3444 ut,
796 3363 822 3427 si
847 3363 926 3448 quid
947 3375 1095 3450 possent,
1124 3365 1163 3431 de

159 3467 314 3534 sindutiis
330 3468 474 3534 fallendo
491 3471 714 3554 impetrarent.
738 3465 831 3547 Quos
851 3466 913 3531 sibi
929 3464 1056 3532 Caesar
1071 3468 1161 3535 obla·

181 3580 233 3636 tos
256 3574 389 3655 gavisus
413 3572 486 3638 illos
509 3573 640 3637 retineri
670 3573 780 3654 iussit;
811 3571 883 3655 ipse
907 3593 1019 3636 omnes
1048 3575 1162 3658 copias
