2430 4028
181 261 241 323 too
487 261 537 309 un
556 260 675 311 nunno
696 259 855 310 ornmco

177 454 269 516 cuius
287 473 386 537 supra
403 450 708 532 demonstravimus,
728 472 830 515 naves
854 460 886 514 et
908 450 1028 534 longas
1045 468 1160 515 xxvm

177 555 300 618 invenit
322 555 498 618 instructas
515 575 621 637 neque
637 552 775 618 multum
798 551 915 618 abesse
937 551 981 618 ab
1005 575 1060 629 00,
1084 554 1160 639 quin

156 659 293 742 spaucis
317 656 433 721 diebus
456 655 573 721 deduci
597 659 736 741 possint.
771 655 976 722 Collaudatis
999 655 1160 721 militibus

177 770 276 846 atque
299 761 348 840 iis,
372 762 426 844 qui
450 762 582 844 negotio
605 760 831 845 praefuerant,
867 758 946 845 quid
974 758 1049 825 fieri
1072 759 1160 843 velit,

179 863 322 928 ostendit
350 873 449 948 atque
479 885 591 928 omnes
620 864 664 928 ad
693 872 822 948 portum
851 864 949 928 Itium
983 867 1161 930 convenire

178 965 278 1048 iubet,
304 989 367 1051 quo
392 988 434 1031 ex
458 977 555 1049 portu
578 966 880 1031 commodissimum
902 968 936 1030 in
951 966 1161 1032 Britanniam

177 1071 350 1133 traiectum
374 1092 445 1135 esse
465 1078 676 1153 cognoverat,
702 1072 831 1134 circiter
852 1069 979 1134 milium
1002 1092 1161 1154 passuum

178 1190 251 1235 xxx
269 1170 521 1260 [transmissum]
544 1196 564 1236 a
580 1174 776 1237 continenti:
801 1173 877 1236 huic
898 1174 948 1237 rei
972 1174 1066 1259 quod
1083 1176 1160 1238 satis

156 1298 249 1341 tesso
272 1278 379 1338 visum
395 1284 444 1340 est
459 1275 597 1340 militum
620 1275 761 1360 reliquit.
785 1276 862 1360 Ipse
877 1296 952 1339 cum
973 1276 1160 1361 legionibus

178 1379 341 1464 expeditis
366 1397 420 1442 1111
443 1388 474 1443 et
497 1379 660 1464 equitibus
677 1394 765 1443 Dece
788 1380 821 1442 in
843 1379 926 1443 fines
941 1379 1160 1445 Treverorum

178 1482 405 1568 proficiscitur,
437 1482 523 1567 quod
552 1482 586 1546 hi
616 1505 720 1567 neque
751 1482 794 1547 ad
817 1480 957 1547 concilia
986 1482 1161 1549 veniebant

178 1607 282 1670 neque
298 1586 435 1669 imperio
458 1584 1160 1671 parebantGermanosqueTransrhenauos

181 1689 357 1753 sollicitare
380 1688 585 1754 dicebantur.

265 1791 295 1856 3.
318 1793 412 1856 Haec
441 1794 558 1857 civitas
587 1791 684 1875 longe
707 1789 882 1875 plurimum
904 1792 1007 1857 totius
1032 1791 1161 1860 Galliae

181 1898 328 1980 equitatu
361 1895 449 1960 valet
482 1917 685 1981 magnasque
723 1894 823 1959 habet
861 1897 977 1980 copias
1015 1897 1162 1981 peditum

158 1998 401 2084 althenumque
426 2009 462 2063 ut
485 2021 583 2084 supra
600 1999 906 2078 demonstravimus,
923 2001 1044 2083 tangit.
1068 2000 1107 2065 In
1126 2023 1162 2065 ea

180 2107 313 2168 civitate
343 2103 408 2168 duo
448 2104 488 2168 de
512 2105 699 2188 principatu
734 2106 819 2168 inter
847 2125 881 2166 se
905 2102 1162 2183 contendebant,

157 2206 424 2274 sIndutiomarus
448 2217 479 2270 et
503 2205 714 2290 Cingetorix3
738 2230 755 2271 e
779 2205 898 2292 quibus
921 2207 1020 2285 alter,
1053 2207 1162 2275 simul·

181 2319 279 2394 atque
309 2310 349 2374 de
379 2307 532 2375 Caesaris
555 2309 786 2396 legionumque
814 2309 959 2374 adventu
992 2313 1162 2396 cognitum

179 2421 239 2490 ost,
263 2412 306 2476 ad
329 2435 403 2477 eum
425 2415 524 2485 venit,
556 2435 590 2477 se
614 2435 758 2498 suosque
782 2435 896 2478 omnes
924 2414 958 2476 in
983 2412 1097 2481 officio
1118 2416 1163 2480 fu·

178 2527 269 2581 turos
292 2539 397 2601 neque
434 2517 476 2582 ab
500 2520 646 2582 amicitia
670 2517 782 2602 populi
805 2517 945 2583 Romani
976 2516 1163 2583 defecturos

179 2621 395 2697 confirmavit,
413 2643 561 2706 quaeque
582 2622 614 2684 iu
627 2621 780 2685 Treveris
796 2628 985 2705 gererentur
1009 2621 1162 2687 ostendit.

156 2723 223 2791 4At
260 2724 503 2788 Indutiomarus
540 2726 721 2809 equitatum
758 2723 1007 2810 peditatumque
1045 2746 1163 2811 cogere

178 2828 291 2912 iisque,
316 2830 371 2912 qui
386 2849 446 2912 per
468 2835 611 2892 aetatem
633 2829 664 2891 111
691 2829 791 2892 armis
814 2850 889 2892 esse
910 2849 978 2893 non
996 2836 1162 2913 poterant,

178 2932 210 2993 iu
235 2930 350 2995 silvam
374 2930 586 2995 Arduennam
610 2930 747 3013 abditis,
782 2953 867 3016 quae
889 2932 1014 3015 ingenti
1035 2935 1162 3017 magni-

178 3033 291 3097 tudine
307 3055 367 3117 per
381 3033 507 3098 medios
522 3034 604 3099 fines
621 3035 838 3099 Treverorum
862 3057 883 3098 a
896 3033 1031 3100 flumine
1047 3035 1162 3102 Rheno

180 3135 222 3200 ad
238 3138 363 3200 initium
381 3138 557 3203 Remorum
572 3139 722 3222 pertinet.
739 3136 862 3203 bellum
877 3159 997 3222 parare
1012 3139 1162 3205 instituit.

158 3239 246 3304 rSed
274 3248 492 3325 posteaquam
521 3239 669 3304 nonnulli
698 3240 863 3326 principes
890 3263 933 3305 ex
962 3263 1004 3306 ea
1029 3244 1164 3308 civitate

180 3351 212 3406 et
249 3339 471 3405 familiaritate
513 3340 731 3427 Cingetorigis
768 3341 905 3406 adducti
946 3351 979 3408 et
1017 3344 1164 3412 adventu

179 3445 284 3509 nostri
320 3445 484 3509 exercitus
518 3447 680 3530 perterriti
718 3445 761 3511 ad
795 3443 972 3512 Gaesarem
1004 3456 1166 3516 venerunt

180 3546 276 3611 etde
306 3549 372 3612 suis
395 3547 549 3631 privatim
577 3548 674 3612 rebus
704 3547 747 3612 ab
771 3569 809 3612 eo
832 3557 943 3633 petere
973 3561 1164 3637 coeperunt,
