2430 4028
364 252 474 303 ersus
491 251 550 313 vu,
571 250 646 301 cnr.
667 251 741 304 1-4.
986 249 1045 313 173

61 444 95 507 in
120 443 241 509 finibus
269 444 490 508 Arvernorum
518 442 632 508 audita
662 451 752 523 sunt,
788 441 876 527 quod
906 441 1046 526 spatium

63 556 115 612 est
139 546 261 612 milium
287 569 443 632 passuum
466 546 595 611 circiter
619 555 748 610 centum
771 561 828 609 Lx.

152 650 181 712 4.
198 650 302 716 Simili
325 651 452 716 ratione
468 649 513 714 ibi
531 649 792 733 Vercingetorix,
810 646 932 714 Celtilli
948 645 1045 728 filius,

63 753 245 836 Arvernus,
270 776 417 818 summae
433 754 599 839 potentiae
622 751 828 829 adulescens,
844 753 936 816 cuius
953 761 1048 838 pater

63 859 288 944 principatum
323 857 452 922 Galliae
487 860 586 924 totius
620 856 806 923 obtinuerat
840 865 872 921 et
901 855 942 921 ob
973 878 1047 921 eam

62 983 218 1043 causam,
248 962 336 1047 quod
365 983 500 1045 regnum
531 961 719 1046 appetebat,
754 960 796 1025 ab
820 961 952 1026 civitate
975 968 1046 1024 erat

61 1065 266 1147 interfectus,
283 1068 473 1130 convocatis
498 1068 564 1129 suis
588 1063 759 1128 clientibus
776 1062 872 1128 facile
888 1062 1044 1129 incendit.

62 1167 205 1253 Cognito
230 1171 299 1234 eius
323 1168 460 1235 consilio
491 1168 533 1233 ad
558 1190 648 1232 arma
676 1170 888 1233 concurritur.
933 1165 1081 1232 Probi-n

62 1271 161 1337 betur
184 1272 225 1336 ab
242 1271 498 1355 Gobannitione,
515 1283 633 1358 patruo
658 1295 726 1352 suo,
743 1271 943 1356 reliquisque
959 1274 1045 1355 prin·

62 1375 203 1460 cipibus,
228 1377 282 1460 qui
305 1373 390 1439 hanc
415 1376 637 1460 temptandam
662 1375 825 1438 fortunam
844 1395 909 1437 non
933 1374 1045 1439 existi·

62 1478 220 1552 mabant;
245 1478 420 1564 expellitur
435 1501 478 1543 ex
495 1478 615 1563 oppido
633 1477 816 1560 Gergovia,
841 1500 905 1541 non
922 1475 1046 1542 destitit
1068 1503 1080 1541 s
1162 1537 1167 1549 Ι

63 1592 175 1647 tamen
205 1591 302 1668 atque
333 1584 364 1646 in
389 1584 475 1666 agris
499 1581 599 1646 habet
628 1581 789 1645 delectum
819 1581 983 1663 egentium
1005 1602 1045 1643 ac

63 1685 277 1770 perditorum.
324 1686 397 1752 Hac
426 1696 546 1751 coacta
573 1708 686 1767 manu,
720 1707 940 1770 quoscumque
976 1683 1081 1748 adite

62 1811 104 1853 ex
129 1791 274 1868 civitate,
299 1790 340 1853 ad
365 1811 458 1854 suam
482 1789 676 1854 sententiam
693 1787 860 1874 perducit3
883 1785 1043 1869 hortatur,

64 1900 99 1958 ut
115 1895 300 1958 communis
323 1891 484 1958 libertatis
502 1915 603 1957 eausa
626 1914 718 1956 arma
741 1892 885 1975 capiant,
902 1891 1043 1975 magnis·

63 2017 126 2080 que
149 1999 274 2062 coactis
297 1998 401 2081 copiis
426 1996 632 2061 adversarios
657 2018 743 2069 suos,
770 1993 922 2080 aquibus
945 1992 1044 2079 paulo

63 2110 142 2165 ante
166 2109 239 2165 erat
261 2101 393 2181 eiectus,
417 2098 552 2185 expellit
576 2123 617 2163 ex
641 2101 783 2163 civitate.
813 2100 884 2162 Rex
909 2097 950 2162 ab
975 2100 1042 2163 suis
1067 2123 1079 2162 5

63 2201 258 2288 appelletur.
304 2204 449 2269 Dimittit
472 2225 602 2288 quoquo
627 2226 739 2266 versus
763 2202 961 2284 legationes;
987 2201 1043 2266 ob-

61 2314 213 2386 testatur,
239 2307 329 2372 utin
351 2306 415 2370 fide
439 2315 604 2372 maneant.
629 2304 784 2370 Celeriter
808 2304 868 2369 sibi
886 2303 1043 2386 Senones,
1067 2331 1079 2370 c

62 2409 218 2490 Parisios,
252 2410 416 2490 Pictones,
451 2409 636 2486 Cadurcos,
671 2409 838 2484 Turonos,
873 2407 1043 2489 Aulercos,

62 2513 268 2596 Lemovices,
294 2513 409 2578 Andos
432 2513 638 2598 reliquosque
662 2535 784 2595 omnes,
802 2514 856 2596 qui
874 2509 1044 2576 Oceanum

61 2618 246 2700 attingunt,
269 2616 434 2701 adiungit:
471 2618 613 2682 omnium
637 2638 800 2682 consensu
824 2617 964 2683 adeum
989 2617 1043 2680 de·

62 2721 165 2786 fertur
186 2719 367 2805 imperium.
396 2720 472 2801 Qua
496 2719 609 2785 oblata
632 2730 795 2805 potestate
819 2721 968 2787 omnibus
992 2721 1041 2787 his
1067 2747 1078 2784 τ

61 2822 252 2888 civitatibus
270 2824 401 2889 obsides
417 2825 567 2908 imperat,
582 2833 705 2889 certum
719 2847 887 2889 numerum
904 2824 1042 2890 militum

61 2926 104 2992 ad
139 2949 175 2991 se
209 2926 357 2991 celeriter
389 2927 510 2992 adduci
542 2926 648 3002 iubet3
683 2951 847 2993 armorum
884 2939 1076 3013 quantums

60 3052 211 3116 quaeque
234 3031 350 3097 civitas
374 3031 461 3096 domi
478 3032 630 3117 quodque
654 3040 729 3095 ante
752 3041 881 3116 tempus
905 3031 1039 3112 efficiat,

60 3134 247 3216 coustituit;
269 3136 428 3219 imprimis
452 3136 609 3221 equitatui
633 3134 751 3199 studet.
793 3134 946 3200 Summae
970 3135 1039 3199 dili·
1064 3166 1076 3203 o

60 3239 193 3323 gantiae
216 3259 377 3302 summam
399 3239 525 3322 imperii
551 3240 758 3304 severitatem
782 3237 888 3321 addit3
919 3242 1042 3322 magni-

60 3340 173 3406 tudine
197 3339 349 3426 supplicii
372 3339 561 3405 dubitantes
584 3342 683 3423 cogit.
708 3341 791 3406 Nam
808 3343 931 3406 maiore
954 3365 1040 3407 com·
1054 3372 1078 3409 ro

60 3447 162 3519 misso
186 3441 307 3509 delicto
336 3444 405 3526 igni
432 3453 531 3528 atque
557 3444 707 3509 omnibus
735 3448 905 3511 tormentis
933 3456 1040 3529 necat,

60 3547 185 3613 leviore
202 3546 242 3612 de
259 3569 360 3614 carisa
383 3546 516 3613 auribus
534 3548 674 3614 desectis
691 3558 747 3613 aut
762 3548 897 3632 singulis
914 3550 1040 3615 effossis
