2430 4028
295 259 298 265 ’
388 262 499 313 LIBER
516 263 579 329 vn,
598 262 676 316 csP.
697 263 807 314 30-33.
1032 262 1089 326 191

109 452 258 519 obtinere
279 463 503 537 consuessent,
527 451 591 517 duo
608 457 835 537 magistratum
860 463 977 536 gerant
999 462 1032 518 et
1056 474 1091 517 se

106 566 245 642 uterque
267 576 380 622 eorum
401 556 529 642 legibus
553 567 699 623 creatum
722 578 793 623 esse
817 557 917 622 dicat.
961 557 1113 622 Horums

107 682 182 726 esse
204 659 344 726 alterum
360 660 665 742 Convictolitavem,
688 661 859 726 florentem
874 671 906 726 et
928 660 1089 726 illustrem

107 762 369 848 adulescentem,
392 765 530 831 alterum
554 765 686 845 Ootum,
712 767 940 852 antiquissima
962 765 1090 830 familia

105 877 222 933 natum
251 877 349 954 atque
378 871 484 954 ipsum
507 868 671 934 bominem
699 892 843 934 summae
866 871 1032 956 potentiae
1057 878 1090 934 et

105 994 250 1058 magnae
265 976 482 1057 cognationis,
500 975 592 1040 cuius
608 975 708 1038 frater
722 973 913 1039 Valetiacus
932 976 1084 1060 proximo

106 1100 195 1142 anno
220 1076 358 1142 eundem
382 1080 609 1161 magistratum
631 1079 779 1162 gesserit.
817 1077 993 1143 Civitatem
1016 1099 1113 1144 esses

106 1202 239 1246 omnem
250 1181 285 1244 in
297 1183 414 1264 armis3
434 1181 572 1246 divisum
590 1191 749 1262 senatum,
767 1181 906 1247 divisum
920 1181 1090 1267 populum,

105 1307 186 1349 suas
222 1285 379 1371 cuiusque
413 1306 526 1349 eorum
561 1284 740 1350 clientelas.
787 1283 886 1366 Quod
914 1286 941 1348 si
968 1284 1089 1351 diutius

105 1388 217 1453 alatur
241 1389 483 1470 controversia,
514 1388 599 1473 fore,
626 1390 673 1453 uti
697 1412 774 1475 pars
798 1411 872 1454 cum
895 1398 990 1475 parte
1013 1390 1091 1453 civi-

104 1492 186 1556 tatis
211 1490 378 1574 confligat.
408 1491 448 1556 ld
470 1514 511 1555 ne
534 1493 675 1576 accidat,
705 1495 847 1578 positum
869 1494 903 1557 in
926 1495 995 1558 eius
1019 1492 1090 1558 dili-

104 1595 221 1679 gentia
244 1603 343 1681 atque
367 1596 574 1661 auctoritate.

192 1694 246 1764 33.
270 1695 409 1783 Caesar,
440 1701 501 1763 etsi
525 1722 545 1764 a
567 1697 654 1763 bello
679 1708 777 1786 atque
800 1700 895 1765 hoste
918 1700 1088 1766 discedere

106 1800 378 1868 detrimentosum
395 1824 468 1868 esse
484 1802 706 1884 existimabat,
724 1813 833 1868 tamen
845 1825 912 1867 non
922 1806 1089 1886 ignoraus,

103 1914 231 1989 quanta
253 1927 295 1971 ex
316 1905 575 1972 dissensionibus
599 1906 809 1972 incommoda
832 1908 909 1972 oriri
933 1927 1086 1971 consues-

105 2018 201 2088 sent,¹
216 2031 257 2074 ne
280 2019 373 2075 tanta
397 2019 429 2074 et
452 2019 521 2075 tam
537 2012 714 2075 coniuncta
733 2010 855 2094 populo
872 2010 1022 2074 Romano
1046 2011 1090 2072 ci-

104 2115 204 2196 vitas,
229 2135 327 2200 quam
349 2115 421 2200 ipse
444 2136 572 2200 semper
596 2113 731 2178 aluisset
755 2112 970 2199 omnibusque
992 2112 1089 2178 rebus

104 2227 268 2300 ornasset,
293 2217 336 2282 ad
359 2220 424 2283 vim
447 2227 547 2304 atque
570 2239 662 2282 arma
679 2216 901 2300 descenderet,
927 2226 1026 2302 atque
1051 2239 1088 2281 ea

103 2342 193 2406 pars,
219 2341 303 2407 qnae
326 2321 432 2385 minus
456 2320 652 2399 confideret,
684 2319 808 2384 auxilia
833 2343 853 2385 a
876 2319 1087 2404 Vercingeto-

103 2427 176 2508 rige
199 2433 398 2508 arcesseret,
423 2424 498 2489 huic
522 2426 568 2489 rei
591 2422 865 2510 praevertendum
889 2425 1090 2489 existimavit

103 2538 147 2608 et,
173 2526 264 2614 qnod
286 2525 414 2612 legibus
439 2527 629 2594 Aeduorum
652 2530 703 2611 iis,
727 2529 781 2613 qui
805 2550 965 2593 summum
989 2530 1111 2611 magi-s

103 2640 246 2698 stratum
271 2630 466 2709 obtinerent,
490 2632 651 2697 excedere
675 2655 718 2697 ex
740 2630 860 2696 finibus
877 2655 943 2697 non
967 2631 1088 2712 liceret,

101 2742 146 2803 ic
167 2735 250 2823 qnid
278 2735 319 2801 de
341 2737 411 2801 iure
436 2746 492 2801 aut
521 2736 560 2802 de
585 2734 713 2819 legibus
744 2757 858 2801 eorum
889 2735 1089 2800 deminuisse

103 2839 286 2918 rideretur,
317 2841 388 2925 ipse
421 2841 465 2904 in*
483 2839 617 2905 Aeduos
647 2840 812 2924 proficisci
848 2841 965 2904 statuit
999 2863 1089 2904 sena·

102 2953 240 3028 tumque
263 2965 393 3008 omnem
416 2953 449 3009 et
472 2965 554 3029 quos
577 2945 662 3008 inter
686 2945 912 3009 controversia
935 2953 1022 3009 esset
1046 2944 1089 3008 ad

103 3070 138 3111 se
167 3045 343 3112 Decetiam
363 3045 533 3112 evocavit.
579 3044 663 3111 Cum
698 3068 800 3131 prope
830 3049 936 3112 omnis
971 3047 1109 3113 civiuss

101 3171 141 3216 eo
157 3150 378 3232 convenisset,
403 3150 640 3236 docereturque
664 3152 779 3236 paucis
795 3150 881 3216 clam
897 3151 1087 3216 convocatis

101 3253 169 3319 alio
193 3252 285 3336 loco,
317 3252 381 3318 alio
405 3263 551 3337 tempore
582 3263 680 3339 atque
704 3256 885 3338 oportuerit
909 3255 1043 3318 fratrem
1068 3278 1088 3319 a

102 3358 207 3423 fratre
229 3359 468 3440 renuntiatum,
500 3380 574 3422 cum
605 3357 693 3442 leges
718 3358 782 3422 duo
807 3381 848 3422 ex
872 3380 940 3422 una
962 3357 1087 3421 familia

101 3461 177 3525 vivo
201 3450 342 3546 utroque
364 3481 431 3525 non
455 3460 560 3526 solum
576 3464 790 3546 magistratus
807 3461 911 3526 creari
927 3469 1086 3541 vetarent,

101 3563 162 3630 sed
185 3565 341 3631 etiamid
365 3573 482 3630 senatu
505 3587 578 3628 esse
601 3563 822 3649 prohiberent,
842 3563 961 3631 Cotum
982 3565 1109 3649 impe-4
