2430 4028
131 251 173 315 32
439 254 489 304 DE
508 254 628 304 BELLO
648 254 806 306 Glauco

132 445 251 510 sidium
270 468 368 531 quam
391 447 633 529 amicissimum,
658 446 685 512 si
701 445 780 531 quid
803 468 886 530 opus
909 448 996 510 facto
1013 456 1113 527 esset,

109 548 277 614 shaberet.
300 548 399 630 Quod
420 571 496 613 eum
518 550 619 631 fieret,
642 573 709 614 non
729 549 895 614 inridicule
911 548 1045 636 quidam
1069 574 1114 616 ex

130 653 285 718 militibus
309 652 455 717 decimae
476 652 616 736 legionis
640 652 740 717 dixit:
774 651 866 737 plus,
890 674 990 739 quam
1018 651 1114 739 polli-

130 759 213 823 citus
237 766 338 838 esset,
368 755 545 822 Caesarem
568 757 694 822 facere:
728 754 911 841 pollicitum
941 779 977 820 se
998 757 1034 820 in
1057 778 1114 822 eo·

128 858 232 924 hortis
247 863 432 945 praetoriae
454 860 528 926 loco
547 860 707 925 decimam
729 860 892 944 legionem
911 858 1111 944 habiturum,

129 962 172 1028 ad
195 985 313 1049 equum
335 962 522 1029 rescribere.

214 1067 266 1130 43.
290 1064 453 1131 Plauicies
476 1075 545 1131 erat
559 1086 682 1149 magna
704 1076 738 1131 et
759 1068 792 1131 in
816 1086 856 1130 ea
878 1063 1022 1133 tumulus
1045 1076 1112 1133 ter·

127 1192 225 1234 renus
259 1171 338 1234 satis
372 1169 517 1253 grandis.
563 1168 627 1234 Hic
654 1169 749 1236 locus
773 1192 878 1256 aequo
907 1171 976 1235 fere
999 1173 1109 1257 spatio

128 1272 170 1337 ab
194 1275 311 1339 castris
334 1272 492 1338 Ariovisti
515 1283 549 1338 et
569 1271 724 1339 Caesaris
748 1273 872 1339 aberat.
895 1275 956 1353 Eo,
979 1283 1016 1339 ut
1038 1283 1111 1340 erat

107 1377 263 1455 edictum,
288 1376 331 1442 ad
354 1376 552 1463 colloquium
574 1387 743 1444 venerunt.
770 1378 951 1462 Legionem
973 1375 1110 1462 Caesar,

128 1503 225 1565 quam
248 1482 339 1567 equis
363 1481 551 1560 devexerat,
582 1479 736 1567 passibus
760 1480 909 1546 ducentis
932 1481 974 1547 ab
998 1505 1038 1546 eo
1063 1492 1111 1547 tu·

105 1582 214 1648 amulo
250 1587 428 1649 constituit.
474 1585 557 1650 Item
581 1587 706 1671 equites
728 1585 888 1651 Ariovisti
916 1587 987 1671 pari
1010 1587 1110 1651 inter-

126 1685 214 1754 vallo
244 1692 470 1755 constiterunt.
516 1688 716 1770 Ariovistus,
750 1711 793 1752 ex
820 1689 912 1774 equis
942 1698 979 1753 ut
1007 1688 1107 1755 eollo·

126 1805 301 1880 querentur
334 1803 366 1859 et
399 1802 531 1878 praeter
564 1817 600 1858 se
634 1792 736 1858 denos
764 1802 801 1858 ut
828 1793 870 1858 ad
908 1791 1110 1879 colloquium

104 1899 338 1981 4adducerent‚
362 1897 551 1983 postulavit.
592 1897 656 1963 Ubi
680 1919 718 1962 eo
742 1905 958 1979 ventumst,
983 1893 1110 1963 Caesar

125 2004 217 2067 initio
252 2004 411 2066 orationis
445 2025 505 2067 sua
538 2010 735 2086 senatusque
769 2001 804 2064 in
837 2022 912 2064 eum
943 1999 1110 2066 beneficia

125 2106 404 2187 commemoravit,
429 2103 518 2190 quod
540 2128 599 2169 rex
622 2101 809 2189 appellatus
832 2110 919 2168 esset
933 2125 955 2168 a
978 2116 1107 2187 senatu,

126 2209 214 2294 quod
237 2210 371 2290 amicus,
396 2208 484 2294 quod
498 2231 634 2274 munera
648 2208 849 2294 amplissime
864 2211 982 2290 missa3
1006 2231 1107 2294 quam

124 2335 193 2377 rem
222 2322 254 2377 et
282 2314 396 2398 paucis
426 2313 605 2396 contigisse
634 2321 667 2376 et
688 2334 747 2398 pro
771 2314 902 2394 magnis
937 2311 1108 2378 hominum

103 2415 244 2480 suffieiis
268 2437 444 2480 consuesse
468 2413 566 2478 tribui
590 2414 747 2497 docebat3
771 2414 873 2497 illum,
903 2436 977 2480 cnm
999 2437 1108 2502 neque

124 2518 249 2584 aditum
277 2541 381 2604 neque
415 2540 550 2583 causam
587 2518 777 2604 postulandi
805 2521 926 2582 iustam
957 2517 1107 2600 haberet,

124 2622 283 2687 beneficio
308 2644 348 2686 ac
370 2620 567 2687 liberalitate
591 2645 653 2687 sua
675 2644 715 2688 ac
737 2630 870 2688 senatus
894 2645 934 2688 ea
956 2625 1107 2707 praemia

102 2736 347 2792 sconsecutum.
369 2725 525 2792 Docebat
547 2728 656 2809 etiam,
680 2749 781 2811 quam
798 2736 926 2792 veteres
942 2747 1107 2813 quamque

123 2832 229 2895 iustae
252 2852 373 2895 causae
390 2830 642 2896 necessitudinis
665 2829 746 2914 ipsis
769 2852 845 2895 cum
859 2828 984 2895 Aeduis
1007 2831 1107 2895 inter·

123 2933 298 3017 cederent3
314 2965 315 2968 ¹
333 2955 417 3020 quae
451 2931 737 2998 senatusconsulta
777 2933 906 3018 quoties
940 2953 1108 3020 quamque

102 3035 305 3101 rhonorifica
337 3038 371 3100 in
404 3058 461 3101 eos
495 3036 586 3101 faeta
615 3044 741 3119 essent3
774 3045 812 3100 ut
840 3036 927 3100 omni
956 3045 1108 3122 tempore

122 3142 224 3205 totius
248 3139 378 3205 Galliae
411 3141 630 3227 principatum
654 3138 760 3204 Aedui
784 3140 978 3222 tenuissent,
1014 3143 1107 3226 prius

101 3245 232 3326 setiam,
256 3266 354 3329 quam
376 3253 524 3309 nostram
546 3245 726 3309 amicitiam
749 3245 962 3329 appetissent.
985 3241 1107 3330 Populi

123 3348 263 3413 Romani
285 3347 371 3413 hanc
400 3371 472 3413 esse
502 3346 789 3427 consuetudinem,
812 3356 851 3411 ut
873 3347 981 3410 socios
1005 3356 1107 3433 atque

124 3453 247 3515 amicos
270 3473 337 3516 non
359 3451 458 3517 modo
488 3455 538 3518 sui
560 3450 639 3516 nihil
663 3451 859 3536 deperdere,
894 3449 952 3515 sed
985 3453 1105 3533 gratia,

123 3554 297 3638 dignitate,
331 3556 455 3622 honore
488 3556 652 3621 auctiores
681 3555 760 3620 velit
790 3575 878 3620 esse:
913 3551 1003 3640 quod
1025 3575 1105 3619 vero
